1799 3251
500 125 1067 166 ΡΒΑΕΡΑΤῙα
1387 135 1487 168 xtu

89 266 289 306 eorum,
351 246 460 311 quir
492 259 707 294 utuntur
756 247 845 306 iis,
903 246 1156 307 judicium
1213 247 1485 311 requirant.

91 314 260 387 Quum
301 318 438 364 enim
467 321 788 365 Burmannus
827 318 1234 380 copiosissimam
1274 318 1488 365 ann'ota-

89 392 313 443 tionum,
344 403 464 449 quas
488 389 715 450 superior
738 399 868 441 aetas
890 399 1159 452 pepererat,
1185 387 1364 434 silvam
1384 403 1479 434 suo

91 459 272 522 suique
293 457 535 518 temporis
562 473 703 503 more
735 458 869 520 larga
905 472 1060 502 manu
1095 456 1333 513 dedisset,
1372 473 1485 503 suc-

89 529 240 577 cessit
262 525 682 589 Oudendorpius‚
720 526 953 588 princeps
985 524 1087 570 fere
1120 527 1251 572 inter
1271 531 1486 574 Batavos

89 598 146 645 in
170 595 437 643 elimandis
458 596 761 651 Latinorum
786 594 1150 648 monumentis,
1188 608 1489 658 secutusque

91 665 298 731 quidem
335 664 532 713 Graevii
564 678 611 712 et
642 664 1022 713 Gronoviorum
1066 664 1299 728 vestigia,
1351 676 1489 711 tanta

91 734 331 783 excelluit
351 734 408 780 in
432 734 687 791 subsidiis,
727 750 850 798 quae
874 734 1025 780 etiarn
1046 749 1182 780 nova
1208 733 1341 779 haud
1367 750 1489 795 pau-

90 822 148 853 ca
172 805 218 851 ei
242 804 597 867 suppetebant,
635 817 683 851 et
720 801 1072 866 comparandis
1114 814 1161 849 et
1200 802 1489 866 digerendis

91 874 379 938 diligentia,
419 886 643 921 accurata
665 874 869 938 linguae
894 885 940 918 et
960 888 1126 918 rerum
1146 872 1353 918 scientia
1368 907 1381 929 ,
1411 871 1490 932 ju.-

90 942 458 1005 diciibdenique
492 943 750 1000 acumine,
786 954 842 988 ut
875 941 1062 1003 primas
1092 941 1148 988 in
1186 940 1489 988 demerendo

87 1011 190 1060 hoc
213 1023 416 1059 auctore
438 1024 600 1075 partes
620 1011 877 1060 vindicare
902 1011 1001 1058 sibi
1023 1023 1208 1072 posset.
1264 1016 1337 1058 Ita
1362 1011 1493 1057 mihi

86 1084 281 1137 saltem,
307 1081 350 1128 si
372 1081 596 1142 profiteri
620 1082 753 1137 licet,
791 1080 928 1144 quod
952 1080 1134 1136 sentio,
1172 1096 1369 1143 semper
1391 1079 1493 1127 fuit

89 1166 385 1215 persuasum
397 1182 414 1207 ,-
447 1167 613 1212 neque
635 1149 831 1196 flectere
858 1149 1030 1212 potuit
1052 1150 1282 1214 animum
1319 1163 1493 1196 aucto-

87 1220 208 1268 ritas
241 1218 472 1266 nominis
496 1220 806 1276 Ernestiani,
847 1219 1139 1266 communis
1171 1219 1491 1281 patriae-stu-

89 1290 178 1336 dio
204 1286 416 1336 fortasse
440 1288 624 1350 adjuta.
676 1294 994 1354 Quamquam
1017 1289 1153 1334 enim
1177 1301 1289 1335 toto
1317 1288 1491 1335 animo

90 1358 152 1406 ab
178 1358 243 1406 iis
269 1374 385 1405 sum
410 1359 604 1406 alienus
622 1395 634 1415 ,
673 1358 762 1422 qui
784 1359 940 1405 hodie
964 1358 1018 1404 id
1041 1358 1192 1404 unice
1218 1370 1396 1423 agunt,
1433 1370 1492 1404 ut

87 1429 148 1475 in
185 1429 474 1475 Ernestium
501 1428 691 1492 ubique
720 1429 1051 1484 invehantur,
1089 1440 1164 1484 et,
1199 1444 1301 1491 quo
1331 1425 1493 1486 major

88 1496 345 1562 superiori
370 1515 492 1546 aevo
518 1498 669 1558 hujus
695 1498 793 1545 viri
827 1497 1087 1544 celebritas
1124 1497 1247 1555 fuit,
1286 1514 1344 1544 eo
1385 1514 1494 1561 gra-

89 1566 228 1613 viori
250 1567 514 1613 acerbitate
535 1567 595 1614 de
617 1568 830 1615 summis
855 1566 959 1626 ejus
985 1567 1178 1613 meritis
1198 1583 1286 1630 per
1318 1563 1494 1630 quamss

90 1635 219 1683 libet
240 1636 561 1684 occasionem
588 1636 858 1692 detrahant,
885 1652 1065 1700 negare
1085 1649 1253 1683 tamen
1279 1652 1494 1698 nequeo,

92 1720 274 1767 parum
315 1722 511 1768 semper
544 1705 672 1752 mihi
710 1706 960 1767 placuisse
1006 1705 1320 1762 editionum,
1372 1720 1493 1766 quas

91 1774 150 1819 in
172 1772 454 1831 juventutis
479 1790 624 1821 usum
651 1775 968 1833 procuravit,
1003 1774 1268 1819 rationem.
1317 1776 1496 1835 Asper-

91 1857 174 1888 sae
221 1841 361 1887 enim
401 1840 617 1887 subinde
667 1842 901 1896 notulae,
981 1841 1209 1901 quamvis
1256 1842 1497 1889 eximiam

92 1925 288 1971 semper
316 1909 533 1972 prodant
557 1908 657 1957 viri
694 1908 1060 1964 eruditionem,
1099 1909 1223 1957 adeo
1259 1928 1320 1957 ex
1353 1927 1493 1958 mero

90 1979 255 2042 magis
282 1978 476 2035 lubitu,
509 1995 658 2041 quam
690 1990 825 2024 certo
858 1979 1104 2035 consilio,
1135 1979 1388 2042 profectae
1418 1981 1495 2027 vi·

92 2049 302 2106 dentur,
354 2060 411 2095 ut
442 2047 826 2110 praetermissis,
879 2064 999 2110 quas
1035 2049 1278 2110 plurimas
1314 2066 1495 2112 prove-

93 2117 306 2165 ctiorem
338 2118 487 2164 etiam
517 2116 755 2176 iuvenem
782 2117 994 2172 morari,
1032 2118 1139 2179 ipse
1168 2119 1296 2165 olim
1321 2136 1493 2181 exper-

92 2198 174 2234 tus
216 2203 358 2243 sum,
415 2186 833 2243 difficultatibus,
890 2186 1153 2250 longiores
1192 2189 1302 2234 aliis
1343 2189 1493 2244 locis,

93 2255 186 2301 ubi
227 2257 400 2303 minus
438 2272 596 2318 opus,
644 2269 692 2303 et
727 2267 927 2320 argutae
961 2272 1361 2320 nonnunquam,
1401 2258 1494 2304 ubi

92 2325 343 2372 intentior
368 2342 482 2372 cura
500 2338 641 2372 tanto
672 2325 784 2373 viro
820 2341 1024 2372 omnem
1054 2329 1350 2389 scrupulum
1384 2343 1496 2373 exe-

96 2394 292 2452 misset,
336 2394 538 2442 facilem
570 2396 831 2457 scriptoris
866 2395 1140 2443 lectionem
1178 2413 1385 2459 eamque
1417 2397 1497 2444 in-

96 2464 261 2528 genii,
310 2464 583 2521 dictionis,
631 2464 913 2529 argumenti
951 2465 1327 2528 cognitionem,
1368 2481 1497 2528 quae

96 2532 160 2579 ad
207 2531 602 2581 familiaritatem
651 2535 903 2597 quandam
939 2550 1055 2580 cum
1095 2548 1297 2582 auctore
1333 2552 1498 2582 assur-

97 2618 211 2666 gere
244 2604 411 2658 debet‚
459 2603 672 2650 minime
709 2602 956 2657 efficiant}
1014 2616 1160 2665 atque
1193 2606 1311 2650 huic
1347 2605 1497 2651 unice

98 2687 295 2727 causae,
357 2672 496 2734 quod
530 2673 818 2720 Ernestium
857 2688 964 2718 non
1003 2673 1198 2719 dedisse
1234 2674 1498 2736 putabam,

95 2757 220 2802 quae
258 2741 372 2788 dare
407 2742 681 2803 potuisset,
723 2759 833 2789 non
862 2742 1238 2798 immodestiae,
1276 2746 1357 2790 vel
1402 2744 1498 2789 mi-

86 2810 204 2856 nori
232 2811 649 2872 praestantissimi
687 2812 743 2858 in
776 2810 1012 2873 plurimis
1045 2813 1305 2860 literarum
1345 2828 1499 2877 gene-

1217 2954 1230 2961 ”
1311 2958 1323 2991 ι’

1239 2990 1257 3015 ,ῖς
1307 2994 1313 3018 J
