1799 3251
22 85 27 268 1
567 163 1056 216 treantes.
1410 148 1510 206 389

103 285 320 332 Senatum
354 280 628 340 deprecatus
665 289 744 325 est.
814 279 1042 324 Fannium
1075 275 1388 341 Caepionem,
1427 276 1510 335 qui

105 371 208 400 cum
244 352 463 396 Varrone
504 352 704 395 Murena
743 350 792 394 in
835 350 1100 408 Augustum
1140 350 1507 410 conspiraverat,

100 439 234 469 reum
257 419 506 478 majestatis
543 423 667 480 apud
698 420 878 480 judices
915 420 1055 474 fecit,
1091 429 1136 463 et
1167 417 1508 463 condemnavit.

99 493 317 549 Interque
342 490 456 534 haec
480 490 717 551 duplicem
757 506 918 534 curam
956 489 1326 545 administravit,
1364 503 1509 532 anno-

95 577 212 616 nae,
249 576 364 620 quae
408 561 558 605 artior
589 560 849 614 inciderat,
884 568 928 603 et
964 561 1371 618 repurgandorum
1407 565 1508 601 tota

94 630 230 678 Italia
259 632 633 689 ergastulorum,
671 646 871 688 quorum
895 629 1074 673 domini
1094 629 1142 672 in
1167 629 1395 671 invidiam
1427 644 1509 671 ve-

93 708 286 758 nerant,
351 700 483 759 quasi
520 708 741 760 exceptos
783 700 1156 759 supprimerent,
1211 714 1309 741 non
1353 699 1507 740 solum

20 787 29 798 ·
92 771 318 829 viatores,
355 772 433 825 sed
461 779 504 814 et
528 786 642 828 quos
671 769 948 814 sacramenti
970 779 1120 812 metus
1152 769 1208 810 ad
1240 766 1508 825 hujusmodi

85 842 299 901 ,latebras
349 841 663 899 compulisset.
723 833 802 905 [9]
847 838 1091 898 Stipendia
1125 837 1279 897 prima
1311 836 1507 896 expedi-

23 938 27 942 ·
90 911 220 956 tione
244 910 524 953 Cantabrica
550 911 791 953 Tribunus
831 909 1035 952 militum
1068 908 1201 952 fecit:
1251 907 1381 964 dein,
1423 908 1508 949 du-

92 989 166 1025 cto
205 980 261 1023 ad
286 978 532 1023 Orientem
562 979 804 1033 exercitu,
841 995 1039 1037 regnum
1059 977 1314 1021 Armeniae
1338 976 1507 1034 Tigra·

62 1056 71 1089 ἶ
89 1050 140 1097 ni
162 1049 391 1107 restituit,
430 1066 483 1093 ac
505 1066 593 1110 pro
616 1048 843 1093 tribunali
868 1049 1079 1092 diadema
1104 1047 1343 1107 imposuit.
1415 1046 1509 1089 Re-

90 1120 216 1180 cepit
260 1128 303 1164 et
343 1120 501 1177 signa,
564 1135 680 1177 quae
709 1119 776 1161 M.
815 1118 982 1161 Crasso
1025 1119 1292 1162 ademerant
1327 1115 1506 1160 Parthi.

44 1223 53 1226 <
87 1191 202 1236 Post
221 1190 337 1233 haec
362 1188 608 1233 Comatam
633 1188 842 1232 Galliam
861 1204 981 1233 anno
1005 1187 1103 1234 fere
1122 1187 1279 1246 rexit,
1321 1195 1368 1231 et
1401 1187 1508 1230 bar·

182 1401 369 1434 Fannium
386 1398 616 1447 Caepionem]
641 1412 681 1436 v.
704 1400 802 1448 Aug.
823 1413 854 1436 c.
879 1411 936 1448 19.
954 1416 1002 1426 -
1024 1401 1280 1436 condemnavit
1298 1395 1327 1431 i·
1349 1409 1380 1431 e.
1403 1394 1505 1439 fecit,

31 1461 34 1466 ’
89 1467 136 1493 ut
166 1455 492 1492 condemnaretur.
527 1469 567 1492 v.
589 1458 737 1493 Ernest.
766 1457 812 1492 ad
842 1456 881 1491 h.
900 1456 927 1492 l.
961 1466 998 1491 et
1020 1457 1064 1492 in
1087 1456 1192 1493 Clav.
1216 1457 1339 1493 Cicer.
1365 1454 1415 1490 cf.
1439 1453 1507 1493 Vi.-

30 1550 34 1559 ,
84 1513 166 1551 tell.
185 1523 219 1548 2.

0 1565 2 1580 ¹
183 1583 309 1607 curam
334 1572 434 1606 adm.
462 1574 650 1614 annonae]
708 1573 797 1607 Veli.
816 1577 860 1614 2⁸*
881 1576 940 1618 94.
981 1594 1007 1614 ,‚
1023 1570 1230 1617 Quaestor,
1270 1567 1506 1605 undevicesi-

2 1622 38 1676 ⁴,
88 1643 200 1668 mum
220 1641 362 1664 annum
383 1627 514 1676 agens,
551 1641 735 1677 capessere
765 1628 892 1676 coepit
909 1630 1065 1677 Remp.,
1089 1627 1374 1675 maximamque
1408 1624 1505 1660 diffi-

2 1679 7 1689 “
87 1687 267 1726 cultatem
288 1698 454 1721 annonae
473 1700 515 1722 ac
534 1686 590 1721 rei
608 1685 878 1721 frumentariae
895 1686 1071 1734 inopiam
1091 1687 1144 1721 ita
1166 1685 1296 1723 Ostiae
1325 1695 1434 1731 atque
1463 1684 1506 1718 in

89 1744 199 1784 ‘Urbe
226 1743 406 1779 mandato
433 1743 565 1779 vitrici
592 1743 809 1780 moderatus
837 1753 913 1787 est,
949 1754 993 1778 ut
1019 1757 1085 1792 per
1111 1743 1177 1787 id,
1211 1743 1318 1792 quod
1359 1740 1505 1791 agebat,

0 1842 2 1846 ,
35 1841 38 1846 ,
89 1812 251 1853 quantus
287 1813 462 1837 evasurus
506 1811 622 1845 esset,
668 1799 881 1837 eluceret.“
944 1803 991 1837 A.
1022 1803 1070 1838 U.
1104 1811 1184 1847 752.
1217 1814 1256 1838 v.
1287 1802 1423 1838 lii-aus.
1459 1798 1507 1835 ad

1 1848 10 1913 ⁴:
33 1854 39 1887 l
91 1864 178 1900 Vell.
202 1860 228 1895 l.
251 1872 283 1895 c.

0 1917 2 1921 ’
63 1932 65 1934 ·
180 1920 496 1969 repurgandorum
513 1934 560 1945 —
579 1918 868 1967 ergastulorum]
900 1930 938 1954 v.
957 1917 1056 1967 Aug.
1075 1918 1134 1953 52.

182 1981 309 2028 exped.
332 1976 573 2017 Cantabrica]
609 1988 649 2011 v,
674 1978 771 2024 Aug.
798 1986 857 2011 πο.

183 2041 291 2074 ducto
310 2038 363 2070 ad
386 2038 445 2069 Or
467 2036 644 2080 exercitu]
683 2046 721 2068 v.
739 2037 837 2083 Aug.
859 2042 916 2070 2¹.
958 2032 1054 2070 Vell.
1077 2042 1115 2077 2,
1140 2036 1203 2080 94.
1238 2031 1357 2076 „Nec
1378 2031 1502 2068 multo

89 2106 178 2148 post
195 2096 258 2140 (A.
278 2095 328 2128 U.
345 2093 428 2137 734.
432 2092 451 2137 )
475 2091 616 2127 missus
632 2089 678 2126 ab
700 2091 835 2127 eodem
855 2091 1000 2128 vitrico
1021 2105 1111 2128 cum
1131 2094 1300 2128 exercitu
1315 2094 1362 2129 ad
1383 2092 1507 2130 visen-

3 2178 17 2192 y·
90 2155 154 2192 das
179 2150 502 2198 ordinandasque,
537 2161 632 2197 quae
660 2147 730 2184 sub
766 2150 926 2187 Oriente
950 2160 1060 2193 sunt,
1093 2150 1341 2199 provincias.
1366 2152 1508 2200 praeci·
1517 2187 1524 2190 ,

1 2198 6 2213 ⁵
57 2231 59 2233 ¹
89 2213 178 2263 puis
212 2209 391 2246 omnium
420 2207 614 2243 virtutum
643 2208 911 2256 experimentis
941 2208 985 2243 in
1017 2221 1061 2244 eo
1088 2218 1213 2244 tractu
1238 2209 1373 2254 editis,
1416 2224 1506 2247 cum

9 2293 14 2302 ,
89 2268 308 2322 legionibus
327 2266 518 2314 ingressus
535 2266 780 2305 Armeniam,
807 2266 954 2303 redacta
980 2280 1022 2302 ea
1049 2267 1093 2303 in
1121 2277 1346 2316 potestatem
1371 2268 1509 2317 populi

3 2367 22 2387 ,P
92 2329 208 2368 Rom.
234 2337 396 2374 regnum
427 2324 506 2369 ejus
531 2323 734 2359 Artavasdi
767 2323 909 2359 dedit·‘
948 2323 1016 2360 ubi
1062 2323 1124 2360 vel
1156 2324 1263 2374 lapsu
1296 2327 1508 2363 memoriae

40 2401 42 2403 ·
93 2387 327 2426 Artavasden
343 2394 413 2432 pro
439 2381 606 2431 Tigrane
627 2381 727 2416 dixit
746 2381 937 2429 Velleius,
967 2382 1071 2431 quod
1088 2383 1158 2419 vix
1191 2384 1373 2420 credibile
1396 2386 1440 2421 in
1468 2400 1508 2422 re

70 2467 73 2469 >
96 2456 174 2496 tam
200 2441 364 2483 recenti,
401 2439 464 2475 vel
485 2438 619 2475 lacuna
644 2438 686 2473 in
710 2438 833 2477 libris.
865 2455 905 2477 v.
923 2440 1057 2478 Kraus.
1089 2441 1136 2477 ad
1161 2442 1201 2478 h.
1221 2443 1247 2480 l.
1268 2454 1304 2481 et
1327 2445 1507 2484 Oudend.

97 2504 144 2540 ad
169 2517 209 2538 n·
259 2496 473 2536 Historiam
502 2508 587 2546 pete
616 2510 662 2532 ex
698 2497 791 2535 Tac.
811 2508 845 2541 2,
875 2499 909 2534 3.
937 2498 1030 2536 ubi:
1067 2502 1233 2543 „occiso
1262 2503 1416 2539 Artaxia
1443 2517 1510 2552 per

97 2561 232 2611 dolum
260 2557 590 2608 propinquorum,
630 2555 737 2592 datus
762 2570 782 2592 a
809 2556 962 2594 Caesare
987 2559 1180 2596 Armeniis
1210 2561 1415 2609 'rigi-,anea
1446 2566 1511 2599 de-

100 2623 298 2668 ductusque
314 2620 353 2652 in
371 2629 437 2666 reg
439 2628 524 2650 num
544 2627 569 2648 α
595 2612 743 2650 Tiberio
761 2619 928 2652 Nerone“
952 2626 989 2651 et
1010 2620 1121 2654 Dion
1141 2622 1202 2664 54,
1221 2631 1254 2668 9.
1281 2619 1342 2655 De
1358 2624 1516 2668 receptis

13 2703 15 2707 .
45 2689 49 2705 ⁸
101 2691 122 2714 a
139 2675 283 2713 Parthis
305 2676 423 2724 signis
440 2685 478 2708 v.
501 2684 595 2719 quae
613 2671 746 2708 notavi
765 2671 811 2707 ad
829 2675 926 2722 Aug.
946 2682 1005 2709 ει.

46 2736 49 2791 1
115 2772 118 2775 Δ
200 2733 294 2769 Com.
315 2734 476 2768 Θαὶἶιαηι
491 2748 538 2758 —-
556 2733 667 2778 rexit]
718 2730 907 2767 Pertinere
925 2731 1000 2768 hoc
1017 2733 1170 2770 videtur
1195 2734 1241 2770 ad
1260 2748 1291 2772 a.
1313 2737 1395 2780 738.
1385 2760 1408 2781 ·‚
1429 2749 1524 2786 qno.

47 2781 49 2811 ⁴
103 2794 254 2830 Praetor
273 2789 450 2828 Tiberius
471 2787 589 2824 simul
611 2801 700 2824 cum
718 2789 893 2838 Augusto
913 2790 1017 2825 U1be
1036 2791 1179 2829 dicitur
1197 2793 1390 2842 profectus
1399 2800 1526 2837 Dim

108 2855 167 2896 54,
188 2862 243 2901 ¹9
267 2848 338 2888 ubi
356 2862 394 2887 v.
413 2847 561 2888 Fabxie.
612 2846 777 2886 Omittit
794 2860 877 2886 rem
898 2847 1081 2897 Velleius.
