1799 3251
319 152 412 185 le'
740 137 1292 180 PRAEFATIQ‘

1755 74 1783 201 ἀνθίαι
1760 0 1783 42 ies<

316 266 455 312 ribus
498 260 722 324 magistri
761 257 1090 304 verecundiae
1130 256 1455 306 tribuendum
1499 271 1598 316 est,
1656 261 1701 308 si
1764 261 1766 265 ’

314 332 516 396 quando
551 346 659 376 non
697 329 957 374 dissentire
1004 337 1225 389 tantum,
1278 327 1363 373 sed
1404 328 1703 391 impugnare
1770 374 1773 386 ς

316 403 464 449 etiam
503 398 608 456 ejus
637 397 1022 458 disputationes,
1074 395 1200 441 mihi
1235 396 1408 443 sumsi.
1481 397 1702 446 Reddere

315 483 477 517 autem
503 466 717 514 Ernestii
739 466 1041 519 editionem,
1078 480 1183 510 non
1210 480 1396 511 novam
1419 482 1702 528 procurare,
1761 483 1772 495 ²

314 537 507 587 Wolfio
544 534 644 581 fuit
673 536 1010 597 propositum.
1094 537 1167 579 Ita
1202 536 1446 613 expunxit
1476 535 1700 613 quidem,
1741 544 1750 552 '

317 621 437 684 quas
472 605 559 650 ille
581 604 868 666 reliquerat,
905 602 1065 658 labeS,
1100 614 1262 649 textus
1289 603 1490 650 sanitati
1512 620 1573 650 ex
1599 604 1702 666 pri·

316 674 463 722 stinis
498 674 747 735 novisque
776 671 1044 725 subsidiis,
1092 684 1139 717 et
1170 672 1439 735 singulari,
1479 689 1580 736 quo
1615 688 1702 719 va-

315 746 416 790 lere
445 743 614 788 virum
637 758 790 787 nemo
819 743 1045 817 ignorat,
1083 739 1279 803 ingenii
1312 741 1542 787 acumine
1573 740 1701 787 mire

317 811 602 864 consuluit,
614 810 857 871 expediit
881 811 1053 862 etiam,
1092 824 1212 870 quas
1243 810 1487 870 quaesitas
1522 809 1700 874 magis,

315 897 466 944 quam
494 880 723 926 inventas
749 879 963 934 viderat,
1000 877 1172 939 paucis
1195 893 1339 939 saepe
1371 878 1535 925 verbis
1566 874 1703 936 diffi-

317 948 549 1003 cultates,
593 947 884 1010 addiditque
917 963 1033 993 suae
1069 944 1384 1001 Ruhnkenii‚
1439 946 1581 1006 cujus
1629 946 1705 992 di-

314 1017 458 1064 ctatis
491 1017 746 1071 utebatur,
784 1016 1151 1070 auctoritatem,
1199 1014 1284 1060 sed
1322 1014 1428 1076 ipsa
1460 1014 1701 1063 editionis

310 1087 507 1133 ratione
530 1085 776 1149 egregiam
800 1085 971 1147 potius
1010 1083 1197 1129 alienae
1231 1082 1409 1139 crisin,
1449 1099 1601 1146 quam
1631 1095 1703 1130 ta-

308 1157 410 1203 lem
444 1155 550 1215 ipse
583 1154 777 1202 dedisse
825 1153 964 1200 visus
1004 1165 1077 1198 est
1121 1150 1419 1197 hominibus
1472 1151 1700 1208 eruditis,

310 1225 510 1288 qualem
571 1239 596 1269 a
648 1222 797 1269 tantis
853 1221 1049 1285 ingenii
1099 1220 1454 1282 doctrinaeque
1501 1219 1699 1268 divitiis

311 1307 492 1340 omnes
526 1303 854 1353 fxoptassent.
929 1295 1063 1354 Quae
1100 1305 1254 1352 quum
1287 1290 1355 1335 ita
1387 1287 1580 1345 forent,
1620 1304 1706 1334 ex-

315 1360 594 1408 cudendam
639 1361 842 1422 quidem
884 1358 1055 1406 curavi
1105 1361 1310 1404 alteram
1353 1356 1703 1419 Bipontinam,

313 1431 376 1477 ad
399 1430 717 1477 Ernestianae
741 1429 1024 1490 exemplum
1053 1427 1270 1472 maxime
1289 1442 1587 1487 expressam,
1613 1424 1703 1471 sed

313 1499 650 1562 recognitam,
698 1498 949 1560 novisque
988 1496 1118 1542 curis
1157 1496 1448 1542 felicissime
1482 1497 1704 1556 plerum-

1767 500 1785 618 έ-ἰῑεμν-
1774 428 1779 441 -

311 1584 410 1629 que
439 1567 767 1622 emendatam,
802 1567 870 1612 ita
894 1580 1072 1619 tamen,
1116 1576 1170 1610 ut
1190 1581 1250 1609 ex
1275 1563 1701 1624 Oudendorpiana
1766 1607 1769 1611 .

309 1649 358 1682 et
392 1636 670 1691 Wolfiana,
708 1635 948 1698 quicquid
982 1632 1280 1680 melioribus
1314 1631 1457 1678 libris
1492 1632 1698 1688 fultum,

290 1706 386 1752 ‘vel
411 1706 638 1780 linguae,
674 1716 722 1750 et
742 1704 901 1765 ipsius
932 1702 1150 1748 auctoris
1182 1700 1323 1756 usui,
1357 1717 1526 1746 rerum
1558 1699 1702 1746 deni-

311 1788 408 1835 que
438 1772 634 1817 veritati
673 1771 1103 1818 accommodatius
1133 1769 1412 1823 videretur,
1456 1766 1697 1830 tanquam

313 1858 375 1887 ex
416 1839 762 1886 reconditiore
804 1835 1063 1892 thesauro,
1132 1832 1470 1890 affunderem;
1534 1852 1698 1898 neque

307 1912 495 1970 longus
517 1908 626 1952 fui
612 1924 665 1952 1n
698 1905 1059 1957 enumeranda,
1095 1919 1244 1964 quam
1275 1903 1556 1963 superiores
1592 1904 1698 1949 edi·
1753 1905 1755 1907 ’

306 1979 471 2024 tiones
502 1974 853 2036 copiosissime
880 1973 1228 2025 exhibuerant,
1267 1971 1508 2018 lectionis
1537 1973 1697 2019 varie-

308 2059 432 2100 tate,
476 2044 559 2091 sed
590 2043 649 2089 de
685 2042 999 2106 gravioribus
1033 2039 1383 2096 admonuisse,
1419 2042 1524 2096 vel,
1567 2057 1694 2103 quae

307 2129 480 2161 causas
523 2125 569 2158 et
612 2112 860 2175 originem
906 2110 1070 2157 variae
1107 2109 1477 2170 depravationis
1515 2109 1695 2155 docere

304 2183 511 2243 juvenes
544 2193 786 2242 poterant,
818 2194 1237 2227 commemorasse
1261 2190 1546 2232 contentus,
1585 2179 1694 2224 bre·

309 2253 363 2298 vi
384 2263 575 2297 tantum
605 2249 943 2311 disputatione
958 2284 970 2303 ,
1012 2263 1099 2293 cur
1121 2247 1252 2292 hanc
1274 2248 1354 2292 vel
1373 2246 1515 2291 illam
1540 2247 1694 2293 ratio-

306 2338 423 2366 nem
445 2319 812 2381 praetulissem,
845 2317 1072 2378 exposui.
1144 2318 1215 2362 Ac
1238 2331 1351 2360 meo
1378 2315 1582 2377 quidem
1616 2313 1692 2374 ju-

305 2389 440 2434 dicio
465 2389 518 2433 in
539 2387 782 2432 mutando
820 2399 958 2432 textu
991 2384 1241 2431 rarissime
1283 2399 1402 2429 usus
1442 2397 1580 2438 sum,
1612 2384 1693 2429 in-

302 2471 423 2503 nato
449 2456 690 2532 quodam,
728 2472 874 2531 quem
902 2454 1123 2516 profiteri
1148 2452 1279 2497 haud
1301 2450 1565 2506 erubesco,
1600 2468 1693 2512 pu-

306 2528 449 2580 dore,
493 2538 538 2570 et
572 2524 690 2570 satis
738 2524 871 2582 justo
913 2524 1025 2569 talis
1067 2521 1344 2568 sedulitatis
1388 2519 1537 2573 odio;
1588 2521 1688 2566 nisi

304 2596 439 2658 quod
460 2594 696 2651 maionem
720 2593 990 2654 scripturae
1011 2604 1056 2661 et
1072 2588 1514 2651 interpunctionis,
1537 2605 1687 2650 quam

301 2665 609 2710 observatam
632 2662 730 2707 huc
770 2677 924 2723 usque
965 2675 1326 2722 cognoxeram,
1362 2657 1686 2718 aequabilita-

299 2746 396 2778 tem
424 2732 654 2791 spectavi,
686 2730 997 2791 suspiciones
1021 2741 1117 2774 aut
1108 2744 1199 2781 em,
1240 2743 1365 2788 quae
1384 2725 1534 2772 variis
1561 2737 1686 2772 tem-

292 2804 510 2864 poribus
536 2800 666 2846 inter
688 2799 959 2864 legendum
981 2799 1061 2847 vel
1094 2794 1525 2858 interpretandum
1556 2794 1685 2841 acci-
