1799 3251
568 175 1068 217 cantounass
1420 170 1520 227 549

115 296 214 351 ti03
269 309 382 354 quos
426 303 610 340 enectos
654 305 800 341 aestus
840 298 890 341 in
934 297 1153 357 proxima
1194 299 1334 342 litora
1370 297 1515 357 ejecit.

119 359 229 432 [50]
262 364 448 408 Statura
482 366 571 409 fuit
593 366 856 422 eminenti,
901 369 1059 410 colore
1091 369 1360 427 expallido,
1409 383 1513 409 cor-

113 450 232 494 pore
262 435 472 491 enormi,
510 436 766 492 gracilitate
787 436 994 478 maxima
1020 437 1213 481 cervicis
1237 447 1280 481 et
1303 452 1510 492 crurum,

115 502 263 547 oculis
288 511 332 546 et
367 504 654 563 temporibus
691 504 932 559 concavis,
966 505 1119 548 fronte
1155 506 1245 548 lata
1286 514 1330 549 et
1361 514 1510 562 torva,

117 572 292 632 capillo
314 588 422 615 raro
456 588 508 615 ac
532 576 656 616 circa
679 573 900 617 verticem
923 575 1052 617 nullo
1067 607 1084 627 ,
1119 573 1318 617 hirsutus
1345 583 1509 617 cetera.

116 642 288 699 Quare,
327 650 590 686 transeunte
617 659 688 699 eo,
724 643 993 701 prospicere
1019 657 1078 686 ex
1102 643 1342 701 superiore
1361 651 1512 704 parte,

110 712 192 756 ‘aut
234 711 426 754 omnino
465 726 734 769 quacunque
773 713 828 754 de
861 727 993 755 causa
1027 711 1222 770 caprum
1253 713 1512 767 nominare,

111 779 414 824 criminosum
439 789 483 824 et
504 782 694 825 exitiale
715 780 986 824 habebatur.
1058 781 1256 824 Vultum
1288 798 1399 825 vero
1432 797 1512 823 na-

108 859 214 893 tura
242 848 485 893 horridum
509 867 560 893 ac
584 859 756 893 tetrum
780 850 917 893 etiam
942 865 1001 892 ex
1025 850 1253 894 industria
1277 852 1511 907 efferabat,

110 934 393 977 componens
417 920 473 962 ad
502 921 742 980 ¹<peculum
766 920 813 962 in
842 925 1028 963 omnem
1067 929 1297 964 terrorem
1336 937 1386 964 ac
1415 920 1511 962 for·

106 989 345 1031 midinem.
416 989 653 1032 Valetudo
685 989 723 1031 ei
754 1005 901 1047 neque
939 990 1148 1048 corporis
1180 1006 1329 1048 neque
1367 988 1513 1033 animi

110 1058 331 1100 constitit.
414 1058 537 1102 Puer
574 1058 796 1102 comitiali
829 1060 995 1102 morbo
1034 1067 1260 1113 vexatus,
1307 1059 1356 1102 in
1401 1060 1511 1101 ado-

105 1127 325 1171 less-entia
348 1126 412 1169 ita
438 1128 616 1187 patiens
639 1129 853 1170 laborum
874 1137 994 1185 erat,
1031 1136 1084 1170 ut
1110 1138 1263 1172 tamen
1296 1144 1512 1171 nonnun-

110 1212 248 1255 quam
276 1195 423 1239 subita
466 1197 722 1240 defectione
753 1197 963 1254 ingredi,
999 1207 1143 1254 stare,
1185 1198 1404 1254 colligere
1443 1213 1512 1240 se-

105 1275 225 1321 met,
265 1281 317 1307 ac
336 1264 527 1309 sufferre
549 1266 634 1310 vix
667 1276 833 1324 posset.
905 1267 1078 1311 .Mentis
1113 1266 1430 1310 valetudinem
1467 1273 1513 1308 et

102 1335 203 1395 ipse
228 1343 458 1393 senserat,
493 1350 546 1376 ac
568 1335 764 1378 subinde
787 1336 842 1378 de
863 1352 1056 1392 secessu,
1096 1338 1242 1393 deque
1266 1336 1511 1396 purgando

103 1405 297 1449 cerebro
339 1405 576 1463 cogitavit.
661 1403 880 1448 Creditur
916 1406 1184 1466 potionatus
1218 1421 1245 1450 a
1282 1405 1510 1450 Caesonia

104 1605 267 1642 verbum
292 1603 336 1638 ad
355 1603 400 1640 τὰ
422 1602 600 1648 φᾶρμακα
619 1601 810 1650 pertinens
824 1627 835 1644 ,
863 1600 1051 1637 celeritate
1073 1601 1154 1638 stili
1169 1601 1216 1637 ad
1234 1600 1385 1638 libellos
1406 1614 1510 1638 com-

103 1662 239 1699 bustos
258 1673 435 1710 pergens,
462 1661 538 1695 nisi
559 1658 644 1707 quis
670 1671 757 1693 cum
775 1658 950 1694 Fabricio
972 1672 1204 1695 venenorum
1241 1659 1511 1707 descriptiones

102 1720 152 1757 iis
178 1720 325 1756 additas
346 1716 548 1765 intelligit,
575 1714 646 1751 ubi
665 1727 789 1751 tamen
807 1727 919 1752 restat
939 1717 1067 1751 eadem
1091 1717 1260 1765 quaestio
1273 1744 1282 1761 ,
1308 1717 1401 1766 quid
1419 1730 1509 1752 cum

101 1777 258 1814 venenis
274 1777 366 1824 ipsis
386 1775 529 1810 fecerit.
565 1773 635 1809 Sed
658 1772 744 1808 talia
767 1773 981 1821 saepissime
1002 1774 1253 1823 scriptoribus
1275 1774 1509 1818 exciderunt,

102 1848 223 1884 neque
242 1835 285 1869 de
305 1831 502 1868 inserendo
525 1831 653 1880 aliquo
675 1831 794 1867 verbo
816 1831 1074 1879 cogitandum.

193 1905 260 1938 col.
293 1903 490 1949 avt-pallido]
547 1902 603 1936 Ita
632 1899 774 1949 optimi
803 1901 913 1936 codd.
937 1913 1007 1949 pro
1030 1903 1186 1948 pallido.
1238 1899 1384 1938 Oculos
1418 1902 1510 1936 Plz‘n.

103 1974 159 2005 11,
187 1963 244 2006 37.
266 1961 362 2005 (54.)
389 1960 481 2006 Cajo
511 1958 649 1994 tribuit
675 1962 848 2008 rigentes.
913 1963 1034 1996 Senec.
1063 1959 1108 1995 de
1140 1969 1324 1996 constant.
1354 1971 1429 2007 sap.
1451 1965 1508 2002 ¹8·

101 2020 268 2056 formam
299 2018 342 2053 C.
371 2016 536 2054 Caesaris
566 2020 757 2051 materiam
786 2015 902 2052 fuisse
932 2016 1026 2052 dicit
1054 2023 1148 2054 risus
1188 2019 1510 2066 benignis.5z'711am;

101 2088 242 2123 „tanta
280 2074 341 2110 illi
383 2074 547 2121 (inquit)
586 2071 742 2121 palloris
779 2073 965 2109 insaniam
1003 2074 1174 2111 testantis
1212 2074 1372 2111 foeditas
1416 2083 1508 2116 erat,

102 2146 203 2172 tanta
222 2133 424 2169 oculorum
445 2131 514 2167 sub
537 2130 661 2166 fronte
688 2131 782 2167 anili
808 2131 1010 2167 latentium
1041 2133 1222 2177 torvitas,
1250 2142 1351 2168 tanta
1376 2131 1511 2179 capitis

102 2191 276 2229 destituti
295 2201 330 2225 et
348 2188 592 2225 emendicatis
621 2188 768 2237 capillis
801 2189 940 2237 aspersi
970 2189 1204 2227 deformitas.
1238 2190 1359 2236 adjice
1387 2189 1512 2225 obses-

102 2263 180 2288 sam
214 2248 301 2284 setis
330 2247 538 2290 cervicem,
579 2256 615 2281 et
642 2245 852 2282 exilitatem
882 2260 1058 2291 crurum,
1097 2259 1133 2283 et
1155 2247 1422 2284 enormitatem
1449 2259 1511 2296 pe-

102 2307 248 2345 dum.“

194 2379 249 2411 ita
265 2374 433 2420 patiens]
482 2371 618 2406 Malim
647 2375 741 2407 idem
766 2385 835 2420 pro
862 2376 931 2409 ita.
981 2375 1224 2423 Quamquam
1249 2387 1343 2423 puer
1371 2371 1510 2409 morbo

103 2433 237 2472 comit.
256 2440 432 2469 vexatus,
457 2432 552 2464 idem
580 2430 791 2465 adolescens
818 2430 960 2479 patiens
988 2430 1164 2468 laborum
1196 2443 1291 2476 erat,
1319 2442 1364 2467 ut
1387 2442 1511 2467 tamen

102 2505 204 2541 sequ.
255 2490 351 2525 Tam
371 2500 503 2535 parum
524 2487 701 2523 valetudo
722 2489 757 2524 ei
777 2489 964 2525 constitit.

190 2557 422 2607 potionatus]
473 2555 561 2590 Sine
580 2557 689 2592 omni
705 2557 952 2594 haesitatione
971 2557 1134 2594 verbum
1153 2557 1330 2607 relinquo
1343 2582 1354 2597 ,
1389 2558 1511 2606 Vege-

104 2619 163 2656 tio
201 2627 238 2652 et
269 2613 479 2651 serioribus
507 2614 758 2662 scriptoribus
786 2615 985 2663 frequens,
1020 2627 1055 2651 et
1085 2617 1131 2652 ad
1158 2616 1371 2663 analogiam
1401 2616 1508 2652 verb.

106 2680 246 2717 concio,
280 2673 506 2714 concionari,
541 2671 798 2709 efformatum.
849 2672 1025 2709 Oudend.
1047 2674 1236 2719 conjecit:
1256 2678 1404 2720 potione
1429 2683 1510 2709 ten-

108 2744 230 2775 tatus,
268 2741 312 2766 ut
333 2740 477 2765 tentare
501 2743 633 2763 veneno
663 2728 805 2765 dicitur
825 2731 969 2766 Neron.
987 2739 1046 2775 35.
1071 2748 1118 2756 -—-
1165 2731 1354 2768 Philtrum
1384 2742 1512 2767 autem

107 2791 246 2838 Caium
267 2802 287 2824 a
307 2786 491 2824 Caesonia
510 2787 710 2835 accepisse,
737 2786 838 2834 quod
858 2787 900 2822 in
918 2788 1102 2824 insaniam
1132 2790 1312 2833 verterit,
1339 2800 1513 2826 auctores

110 2849 226 2886 etiam
248 2848 396 2896 ‚Ioseph-
415 2857 472 2896 19,
491 2855 525 2882 2.
544 2856 581 2881 et
600 2847 770 2883 Juvenal.
787 2844 821 2890 6,
842 2844 923 2882 616..
947 2872 972 2891 „
986 2847 1113 2883 sinon
1130 2847 1177 2883 Et
1199 2847 1323 2884 furexe
1340 2847 1513 2895 incipias,
