1799 3251
558 154 1053 204 {rtBERtv-s.
1402 159 1504 222 437

91 285 231 332 famia
251 281 495 343 flagravit,
533 283 618 328 vix
639 293 692 330 ut
710 285 876 330 referri
900 279 1139 343 audirive]
1174 285 1343 331 nedum
1367 288 1496 331 credi

88 358 156 401 sas
178 356 260 407 sit:
298 353 426 413 quasi
461 369 629 414 pueros
663 356 844 415 primae
879 356 1231 410 teneritudinis,
1277 371 1391 413 quos
1418 359 1497 416 pi-

85 425 290 468 sciculos
321 424 548 481 vocabat,
606 425 896 481 institueret,
951 433 1003 470 ut
1035 426 1216 470 natanti
1247 425 1335 468 sibi
1369 426 1493 471 inter

85 494 260 538 femina
297 502 622 554 versarentur,
673 511 725 538 ac
757 495 997 550 luderent,
1050 494 1207 552 lingua
1238 509 1492 553 morsuque

81 564 254 607 sensim
292 571 585 622 appetentes;
634 573 770 623 atque
806 565 971 620 etiam,
1015 565 1142 620 quasi
1177 562 1375 608 infantes
1410 566 1490 608 fir-

80 633 279 690 miores,
309 633 509 677 necdum
534 642 687 677 tamen
707 635 825 677 lacte
866 634 1111 691 depulsos,
1156 633 1364 691 inguini,
1403 651 1488 678 ceu

77 703 309 762 papillae,
347 703 644 759 admoveret3
680 703 877 763 pronior
899 717 1008 746 sane
1029 703 1084 745 ad
1116 702 1162 745 id
1201 718 1343 759 genus
1378 704 1484 747 libi-

78 773 199 816 dinis
223 782 268 816 et
287 782 450 816 natura
472 781 517 816 et
537 780 695 816 aetate.
767 773 926 825 Quare
946 771 1182 815 Parrhasii
1209 787 1396 831 quoque
1418 784 1485 817 ta·-

75 842 262 899 hulam,
309 842 356 884 in
388 858 475 900 qua
508 843 744 901 lVIeleagro
778 840 1000 885 Atalanta
1036 857 1116 885 ore
1151 842 1484 900 morigeratur,

71 911 269 968 legatam
296 911 383 955 sibi
407 912 488 956 sub
512 912 802 969 conditione,
839 921 889 956 ut
901 943 916 968 ‚
953 910 992 953 si
1027 921 1300 969 argumento
1338 913 1483 955 offen-

73 981 284 1038 deretur,
323 981 472 1024 decies
500 997 587 1040 pro
611 997 661 1024 ea
685 982 948 1027 sestertium
967 982 1223 1039 acciperet,
1260 997 1354 1025 non
1381 998 1479 1025 mo-

74 1051 133 1094 do
167 1050 413 1110 praetulit,
459 1052 537 1093 sed
574 1060 618 1094 et
651 1050 700 1094 in
737 1051 951 1095 cubiculo
988 1051 1232 1094 dedicavit.
1314 1051 1478 1095 Fertur

70 1120 212 1164 etiam
237 1121 286 1163 in
310 1119 612 1163 sacrificando
636 1121 896 1178 quondam,
934 1129 1093 1178 captus
1122 1121 1242 1165 facie
1272 1119 1479 1164 ministri

69 1205 277 1233 acerram
299 1189 627 1248 praeferentis,
663 1189 875 1247 nequisse
897 1189 1155 1246 abstinere,
1193 1189 1331 1248 quin,
1371 1206 1480 1249 pae-

65 1275 127 1303 ne
165 1256 360 1304 vixdum
395 1273 445 1301 re
474 1257 632 1302 divina
667 1268 880 1317 peracta,
936 1258 1110 1302 ibidem
1145 1259 1311 1302 statim
1342 1261 1477 1302 sedu-

68 1337 198 1372 ctum
219 1336 569 1386 constupraret,
606 1328 838 1386 simulque
856 1328 1048 1372 fratrem
1076 1329 1170 1383 ejus
1201 1328 1472 1386 tibicinem3

65 1407 204 1459 atque
225 1397 411 1455 utrique
436 1413 578 1453 mox,
627 1399 748 1455 quod
777 1405 940 1441 mutuo
964 1397 1192 1455 flagitium
1216 1399 1474 1457 exprobra-

65 1477 195 1524 rant,
252 1482 387 1510 crura
418 1465 622 1523 fregisse.
679 1463 792 1528 [45]
835 1467 1129 1509 Feminarum
1173 1483 1380 1525 quoque,
1426 1475 1473 1511 et

65 1537 251 1594 quidem
275 1535 551 1592 illustrium,
592 1536 819 1594 capitibus
840 1545 1011 1592 quamo
1045 1552 1186 1593 opere
1221 1537 1381 1580 solitus
1411 1537 1470 1579 sit

62 1606 289 1662 illudere,
328 1603 669 1648 evidentissime
698 1605 912 1663 apparuit
934 1605 1190 1649 Malloniae
1228 1607 1468 1664 cujusdam

63 1676 222 1732 exitu,
263 1690 400 1731 quam
433 1674 737 1732 perductam,
772 1684 817 1718 et
853 1673 1097 1732 quicquam
1137 1675 1335 1733 amplius
1370 1675 1467 1734 pati

63 1743 431 1790 constantissime
452 1750 775 1802 recusantem„
794 1743 1077 1787 delatoribus
1099 1744 1291 1800 objecit3
1332 1761 1384 1788 ac
1407 1762 1465 1789 ne

60 1832 187 1861 ream
213 1814 397 1871 quidem
418 1813 714 1872 interpellare
742 1813 898 1870 desiit,
946 1813 1142 1871 Ecquid
1169 1812 1462 1872 poeniteret:

62 1887 210 1930 donec
241 1899 319 1941 ea,
362 1882 528 1927 relicto
552 1883 758 1943 judicio,
795 1883 988 1928 domum
1020 1896 1070 1926 se
1103 1882 1335 1944 abripuit,
1374 1885 1466 1929 fer-

149 2051 358 2097 Parrhasii]
416 2049 514 2084 Pli-n.
533 2054 592 2092 35,
623 2059 683 2083 ιο.
711 2046 788 2092 (56,
811 2047 864 2093 5.)
893 2047 963 2084 ubi
990 2049 1035 2084 de
1061 2046 1259 2085 Parrhasio
1286 2046 1464 2096 exponit:
1502 2070 1522 2084 1>-

56 2108 224 2155 „Pinxit
249 2116 287 2142 et
305 2104 593 2155 A1·chigallum;
635 2117 749 2152 quam
777 2105 967 2153 picturam
992 2107 1137 2142 amavit
1158 2105 1336 2141 Tiberius
1358 2106 1464 2141 Prin-

56 2177 164 2214 ceps3
189 2175 299 2210 atque
313 2190 324 2206 ‚
351 2173 394 2198 ut
414 2173 546 2199 auctor
566 2172 619 2197 est
636 2162 781 2197 Decius
799 2162 965 2208 Eculeo‚
990 2165 1075 2200 LX.
1093 2163 1272 2200 sestertiis
1291 2163 1462 2199 aestima·

55 2233 136 2258 tam
163 2218 341 2257 cubiculo
368 2232 437 2257 suo
464 2218 630 2255 inclusit.
644 2222 670 2240 “
715 2220 884 2256 Eandem
910 2222 1098 2270 picturam
1128 2219 1463 2268 Tranquillumdet

54 2278 226 2316 Plinium
246 2278 388 2320 dicere,
414 2287 522 2324 putat
540 2278 728 2313 Harduin.
748 2277 794 2313 ad
811 2277 924 2314 illum
949 2279 973 2314 l.
1019 2278 1460 2327 EquidemSuetonium

54 2337 98 2374 in
115 2345 338 2385 argumento
364 2333 513 2370 tabulae
541 2334 693 2371 facilius
716 2348 875 2380 errasse,
900 2337 1079 2374 existimo
1094 2363 1104 2381 ,
1139 2351 1252 2386 quam
1276 2337 1459 2381 Plinium,

54 2396 123 2444 qui
143 2408 188 2430 ex
203 2393 381 2429 instituto
399 2393 444 2427 de
461 2392 522 2427 his
550 2391 661 2428 rebus
686 2392 776 2441 egit.
825 2393 1002 2430 ceterum
1035 2394 1079 2430 de
1108 2395 1241 2430 eodem
1259 2395 1459 2431 Parrhasio

53 2451 222 2489 Plinius:
257 2450 425 2496 „Pinxit
447 2461 484 2486 et
507 2449 726 2486 minoribus
757 2450 904 2488 tabellis
932 2450 1137 2497 libidines,
1167 2466 1211 2489 eo
1239 2466 1371 2502 genere
1399 2466 1461 2503 pe-

52 2509 207 2547 tulantis
225 2509 306 2555 joci
325 2520 362 2544 se
383 2506 561 2543 reficiens.
574 2510 599 2526 “

146 2576 182 2602 et
205 2570 398 2615 quicquam
425 2566 599 2612 amplias]
645 2567 758 2603 Recte
785 2566 860 2603 hoc
892 2565 1149 2615 praetulerunt
1168 2567 1347 2605 Oudend.
1366 2570 1458 2605 Ern.

56 2623 180 2661 Wolf.
199 2624 307 2661 alteri
317 2637 334 2662 τ,
355 2638 420 2658 nec
448 2627 614 2672 quicqu..
640 2623 744 2672 quod
770 2624 947 2671 junctum
976 2625 1097 2661 verbo
1122 2636 1347 2662 recusantem
1372 2639 1461 2661 con-

56 2682 217 2718 trarium
231 2695 389 2731 <prorsus
409 2694 560 2717 sensum
582 2679 706 2716 efficit.
759 2686 957 2730 Quicquam
975 2684 1129 2729 amplius
1144 2683 1459 2732 interpretantur:

57 2743 248 2787 quicquam
263 2751 415 2788 praeter
434 2744 579 2776 coitum.
634 2741 702 2774 Per
728 2737 956 2787 εὐφημισμὸν
984 2739 1131 2775 dictum
1163 2749 1256 2789 puto
1285 2740 1329 2776 de
1356 2741 1463 2777 coitu

58 2797 157 2846 ipso.
205 2801 423 2833 Perductum
442 2807 566 2834 autem
588 2795 785 2845 intelligo:
824 2798 984 2838 domum
1002 2797 1154 2836 Tibexii
1181 2798 1222 2836 vi
1247 2797 1398 2836 ductam
1421 2811 1461 2839 v.

62 2864 228 2904 raptam,
251 2863 295 2889 ut
314 2865 487 2906 stuprum
503 2854 563 2891 ibi
579 2865 778 2906 pateretur,
