1799 3251
280 200 396 234 xxu
704 201 733 232 1>
765 200 799 231 R
829 199 861 231 A
897 199 927 230 E
965 201 992 230 F
1027 198 1058 230 A
1089 199 1120 229 'l'
1158 195 1266 230 1¹02*

291 316 491 378 optimo
517 331 717 378 quoque
748 329 1013 377 nunquam
1048 314 1260 370 cessavi,
1306 313 1376 361 ita
1400 323 1692 377 'postquam

296 397 596 441 evenerunt,
646 385 874 431 erectiori
910 383 1081 430 animo
1115 385 1303 446 patriae
1334 399 1471 430 meae
1508 384 1692 446 iisque,-

299 455 386 516 qni
408 454 534 500 bene
558 453 603 498 ei
629 455 870 516 cupiunt,·
896 455 1252 516 congratulor;
1277 452 1483 513 juvenes
1505 465 1694 509 autemff

296 536 352 568 ut
376 540 484 568 non
500 523 668 569 minus
684 524 879 570 assidua
895 523 1219 584 antiquorum
1236 540 1356 570 mon
1365 531 1692 569 umentorum

299 592 549 647 lectione,
590 605 636 638 et
661 593 876 654 sapienti
907 592 1084 639 veteris
1115 593 1353 639 historiae
1381 609 1502 647 usu,
1543 607 1696 654 quam

299 661 661 708 recentissimis
688 662 950 723 exemplis.
991 661 1221 725 vivisque
1246 679 1402 725 quum
1432 662 1697 724 proximae

300 730 545 785 miseriae,
578 745 684 776 tum
706 745 871 793 partae
892 731 1065 777 salutis
1088 731 1314 795 vestigiis
1337 735 1396 779 ad
1415 730 1701 794 ingenuum

303 800 491 860 patriae
514 803 849 863 honestaeque
872 800 1116 847 libertatis
1146 817 1368 848 amorem
1402 802 1704 854 excitentur,

304 870 488 930 piaque
515 870 711 917 incensi
733 870 932 916 flamma
955 885 1046 932 pro
1071 869 1150 916 his
1175 869 1326 917 sacris
1355 885 1520 932 neque
1551 867 1709 915 indua

307 939 495 992 striam,
536 956 699 1002 neque
718 941 930 994 labores,
969 954 1062 985 nec
1086 952 1299 985 mortem
1329 939 1536 1002 quidem
1561 936 1711 983 obire·

307 1021 550 1061 recusent,
590 1009 919 1055 sanctissimis
945 1008 1177 1069 precibus
1197 1024 1369 1056 exoro.
1405 1011 1710 1056 Scr.Merse··

311 1075 463 1137 burgi
495 1078 539 1122 d.
562 1083 761 1125 XXVII.
782 1083 897 1130 Jun.
920 1082 1308 1124 MDCCCXIIII.
1709 1088 1713 1094 ²

416 1151 490 1193 Ita
511 1149 802 1209 scripseram
820 1184 830 1202 ‚
871 1164 1027 1210 quum
1052 1147 1209 1193 editio
1231 1159 1404 1194 nostra
1428 1158 1542 1192 ante
1563 1143 1717 1197 bien-A

311 1215 457 1260 nium
486 1218 637 1277 prelis
661 1217 1003 1263 destinaretur.
1052 1217 1345 1263 Inciderunt
1372 1228 1545 1279 postea
1574 1214 1714 1263 varia

312 1285 700 1346 impedimenta,
745 1303 869 1349 quae
900 1302 1162 1348 operarum
1195 1285 1423 1331 laborem
1454 1300 1721 1331 moraren-

315 1365 421 1408 tur,
471 1355 740 1416 ipsumque
782 1355 1045 1401 librarium
1095 1372 1119 1401 a
1150 1354 1453 1401 maturando
1489 1352 1720 1400 consilio
1787 1368 1799 1377 ·

318 1437 607 1477 avocarent,
644 1425 698 1469 in
721 1424 905 1486 quibus
935 1424 1070 1470 haud
1101 1424 1421 1470 levissimum
1452 1439 1514 1470 ex
1545 1422 1725 1476 novis‚'

320 1509 447 1553 quae
470 1494 701 1556 ingruere
726 1507 1015 1556 coeperant,
1051 1493 1213 1539 turbis
1243 1493 1452 1540 bellicis.
1518 1491 1717 1556 Quibus

321 1562 490 1607 denuo
517 1562 779 1624 copiarum
804 1575 1090 1609 nostrarum
1117 1563 1302 1608 virtute
1339 1560 1588 1619 disjectis,
1624 1559 1730 1607 fra4·

319 1642 520 1692 ctaque,
563 1644 618 1676 ut
641 1648 834 1693 sperare
859 1632 997 1687 licet,
1034 1632 1089 1677 in
1114 1633 1305 1677 multos
1342 1646 1504 1677 annos
1538 1628 1592 1676 vi
1623 1629 1723 1675 ira-

323 1715 419 1759 que
442 1700 693 1755 hostiurn,
732 1718 791 1747 eo
814 1700 1130 1746 felicioribus
1159 1700 1396 1762 auspiciis
1419 1699 1723 1746 Suetonium

321 1767 601 1814 emittimus
617 1803 629 1822 ,
667 1770 751 1814 cui
773 1769 1018 1831 quicquid
1042 1769 1336 1816 recentioris
1361 1784 1505 1815 curae
1534 1769 1722 1814 interea

321 1836 695 1897 impendimus,
731 1839 1006 1898 glossario,
1055 1838 1109 1882 in
1146 1854 1248 1898 quo
1291 1837 1588 1882 adornando
1623 1835 1726 1894 jam

323 1904 663 1958 versabimur,
700 1905 960 1951 inseretur.
1035 1910 1210 1966 Neque
1235 1906 1514 1952 valedicere
1545 1921 1728 1966 possu-

326 1989 441 2019 mus
469 1972 674 2027 lectori,
713 1974 835 2035 quin
853 2009 864 2027 ‚
902 1974 1116 2019 lustrato
1143 1973 1268 2031 -jam,
1309 1973 1448 2036 quod
1471 1987 1585 2021 ante
1605 1989 1731 2020 ocu-⁴

323 2044 405 2088 los
451 2038 719 2097 habemus,
775 2042 944 2103 primo
997 2043 1163 2104 operis
1209 2042 1495 2099 volumine,
1543 2042 1732 2107 gratias*-

329 2126 532 2173 agamus
558 2112 654 2156 Cel.
695 2110 987 2164 Schaefero‚
1041 2112 1182 2166 cujus
1218 2126 1384 2158 suetae
1422 2112 1732 2178 diligentiam

327 2179 467 2241 quod
511 2190 698 2225 sartum
742 2192 1030 2241 tectumque
1076 2197 1100 2226 a
1130 2184 1505 2244 typothetarum
1543 2181 1731 2241 injuria

327 2248 459 2294 illud
507 2247 702 2310 prodit,
755 2248 904 2294 unice
944 2249 1171 2303 (lebetum
1232 2264 1303 2306 et,
1353 2268 1512 2313 quum
1557 2250 1732 2297 laudes

331 2318 520 2365 summi
547 2316 646 2363 viri
668 2318 867 2363 nemini
901 2334 1007 2364 non
1039 2319 1267 2382 cognitas
1300 2333 1575 2381 nostroque
1612 2322 1734 2365 loco

331 2389 487 2449 longe
513 2384 727 2444 majores
753 2387 995 2440 sciamus,
1028 2401 1084 2433 ut
1108 2390 1159 2433 in
1191 2406 1314 2456 quas
1336 2390 1507 2435 omnia
1528 2400 1732 2450 pectora

334 2455 651 2517 conspirent,
694 2454 749 2500 id
796 2468 962 2501 tamen
995 2458 1149 2504 nobis
1184 2458 1502 2510 habebimus,
1552 2471 1605 2503 nt
1644 2459 1735 2501 hac

334 2526 485 2571 etiam
520 2540 617 2570 nos
649 2536 923 2587 nostraque
959 2525 1150 2573 dudum
1174 2528 1454 2573 intellectae
1477 2525 1736 2584 ejus-ami·

333 2595 480 2639 citiae
507 2593 674 2639 denuo
702 2594 1092 2641 commendandi
1129 2596 1506 2658 opportunitate
1536 2613 1595 2641 ex
1627 2594 1734 2639 ani-

331 2662 406 2708 mi
437 2663 601 2708 nostri
635 2679 782 2709 sensu
818 2676 1033 2712 utamur.
1123 2665 1443 2730 Merseburgi
1489 2664 1533 2710 d.
1577 2667 1732 2711 XXII.

332 2731 530 2782 Januar.
555 2735 913 2783 MDCCCXVI.
