1799 3251
581 137 1060 182 T1nss'n1us.
1433 136 1532 196 393

118 269 409 327 occasionem
429 263 619 324 majoris
653 265 754 325 spei
790 274 1188 326 commoraretur,
1226 275 1408 312 tantum
1438 281 1536 310 non

119 338 322 386 adversis
356 335 711 394 tempestatibus
737 336 962 381 Rhodum
997 337 1294 396 enavigavit,
1332 336 1537 381 amoeni-

115 418 209 454 tate
234 419 280 452 et
304 405 577 450 salubritate
600 405 778 449 insulae
797 407 888 462 jam
911 406 1032 450 ¹inde
1066 416 1256 467 captus,
1295 422 1437 466 quum
1477 406 1538 450 ad

114 494 216 528 eam
252 477 308 520 ab
340 475 572 520 ArmenIa
606 476 791 519 rediens
840 475 1108 535 appulisset.
1195 477 1292 520 Hic
1339 475 1537 520 modicis

115 555 358 592 contentus
382 546 599 603 aedibus,
635 562 723 590 nec
742 546 892 589 multo
915 545 1101 589 laxiore
1128 547 1419 604 suburbano,
1460 562 1538 604 ge-

98 633 198 667 nus
233 616 361 660 vitae
396 615 536 660 civile
569 617 823 660 admodum
851 615 1081 674 instituit,
1121 617 1220 661 sine
1253 616 1422 660 lictore
1457 623 1538 660 aut

72 698 80 713 ¹
110 687 294 733 viatore
328 686 571 746 gymnasia
604 686 845 729 interdum
873 686 1222 745 obambulans,
1283 694 1539 744 mutuaque

117 773 222 800 cum
263 756 506 800 Graeculis
552 756 707 799 officia
753 771 1007 814 usurpans,
1062 772 1215 816 prope
1259 771 1321 799 ex
1373 772 1537 814 aequo-

112 826 252 876 Forte
276 827 512 885 quondam
537 825 585 870 in
610 826 900 886 disponendo
937 825 1010 869 die
1047 841 1184 869 mane
1215 825 1537 886 praedixerat,

114 897 338 956 quicquid
367 913 613 952 aegrorum
634 896 681 941 in
709 896 899 940 civitate
922 904 1065 951 esset,
1104 896 1295 941 visitare
1321 912 1368 939 se
1395 896 1540 939 velle:

112 968 164 1010 id
189 983 213 1010 a
244 966 477 1026 proximis
515 967 651 1010 aliter
687 975 969 1025 exceptum:
1002 967 1208 1025 jussique
1238 974 1347 1010 sunt
1380 981 1542 1009 omnes

118 1037 246 1094 aegri
272 1037 321 1082 in
357 1036 600 1096 publicam
635 1035 872 1096 porticum
908 1035 1111 1094 deferri,
1151 1052 1205 1080 ac
1240 1053 1326 1096 per
1363 1036 1544 1079 valetu-

117 1106 284 1152 dinum
327 1122 498 1166 genera
546 1106 746 1165 disponi.
830 1105 1077 1149 Perculsus
1120 1106 1264 1165 igitur
1297 1106 1542 1165 inopinata

87 1220 92 1222 .
116 1193 195 1234 re,
236 1177 316 1221 diu
342 1176 451 1235 quid
478 1185 636 1234 ageret
661 1175 892 1231 incertus,
926 1184 1082 1219 tamen
1110 1177 1319 1234 singulos
1346 1175 1541 1232 circuit,

117 1263 346 1294 excusans
371 1247 548 1289 factum
574 1246 712 1289 etiam
739 1245 1013 1289 tenuissimo
1051 1246 1246 1304 cuique,
1286 1255 1331 1290 et
1363 1246 1544 1304 ignoto·

119 1316 281 1362 Unum
320 1317 412 1360 hoc
442 1316 792 1373 tantummodo,
840 1331 990 1374 neque
1023 1325 1265 1375 praeterea
1294 1315 1545 1375 quicquam

118 1396 336 1432 notatum
357 1394 450 1442 est,
488 1386 539 1428 in
562 1402 653 1443 quo
693 1385 956 1428 exercuisse
986 1387 1060 1445 jus
1097 1387 1379 1430 tribuniciae
1412 1394 1547 1446 pote·
1593 1407 1598 1410 ·

119 1456 248 1501 statis
273 1456 398 1499 visus
423 1458 495 1498 sit.
570 1455 728 1507 Quum
752 1455 877 1497 circa
899 1454 1079 1498 scholas
1107 1464 1151 1499 eL
1174 1456 1408 1500 auditoria
1434 1472 1545 1515 pro-

120 1525 350 1570 fessorum
375 1525 583 1568 assiduus
613 1532 753 1580 esset,
789 1531 921 1566 moto
944 1523 1068 1568 iuter
1087 1525 1416 1585 antisophistas
1440 1541 1546 1582 gra-

123 1595 255 1641 viore
285 1593 473 1655 jurgio,
523 1610 620 1637 non
659 1593 834 1651 defuit,
870 1592 952 1651 qui
989 1608 1096 1639 eum
1132 1593 1548 1652 intervenientem,

217 1801 272 1834 ad
299 1811 416 1836 occas.
447 1800 534 1843 maj.
566 1799 656 1844 spei]
708 1797 843 1836 Burm.
866 1797 1050 1848 praefert,
1078 1797 1184 1847 quod
1210 1809 1265 1835 est
1290 1799 1333 1835 in
1366 1798 1451 1836 cod.
1474 1798 1550 1835 Co·

121 1869 224 1906 pes.‚
261 1858 333 1899 rei,
366 1853 540 1901 illudque
569 1854 710 1890 durum
745 1854 904 1901 judicat.
954 1857 1059 1892 Mihi
1077 1870 1157 1893 non
1176 1857 1231 1892 ita
1247 1857 1413 1894 videtur.
1462 1861 1551 1904 Spes·
1591 1899 1597 1903 ἱ

122 1924 180 1950 est
205 1928 260 1948 res
280 1915 485 1960 speranda,
516 1911 644 1960 itaque
662 1913 825 1949 Graecus
848 1914 1006 1950 dixisset
1026 1915 1195 1961 ἀφορμὴν
1215 1915 1375 1962 μείζονος
1395 1928 1434 1951 v,
1453 1918 1548 1961 λαμ·

97 1979 101 1982 ”
122 1971 299 2019 προτέρας
326 1970 480 2014 ἐλπίδος.
531 1969 745 2020 Vulgatum
776 1970 983 2007 defendunt
1009 1971 1124 2008 etiam
1140 1974 1286 2009 Ernest.
1306 1984 1343 2009 et
1368 1971 1550 2011 Oudeud.

124 2032 307 2068 Ceterum
329 2039 455 2078 patet,
483 2027 778 2078 intelligendam
803 2042 907 2078 spem
930 2029 1099 2080 imperii.

215 2103 336 2138 genus
355 2090 456 2123 vitae
475 2088 597 2135 civile]
651 2091 725 2123 Dio
746 2085 772 2123 l.
801 2100 832 2122 c-
860 2088 893 2131 ἐς
914 2089 977 2133 τὴν
997 2093 1101 2132 νῆσον
1121 2088 1235 2125 ἐλθὼν
1264 2087 1362 2127 οὐδὲν
1389 2088 1548 2137 ὀγκηρὸυ

125 2144 207 2184 οὔτε
230 2145 401 2192 ἔπραττεν
424 2144 506 2182 οὔτε
526 2143 661 2192 ἔλεγεν.
712 2146 800 2180 Uno
831 2156 980 2181 tantum
1008 2146 1145 2183 lictore
1169 2147 1326 2184 Athenis
1357 2160 1471 2183 usum
1499 2157 1553 2182 et·

125 2205 207 2240 iam
232 2203 502 2240 Germanicum
517 2229 527 2246 ,
555 2212 688 2238 auctor
722 2203 809 2238 Tac.
831 2205 875 2239 A.
900 2214 936 2245 2,
959 2206 1018 2240 53.
1043 2204 1114 2241 ubi
1143 2219 1181 2242 v.
1198 2204 1398 2254 Lipsium,
1426 2203 1553 2240 confe-

125 2273 273 2299 rentem
306 2265 469 2310 Appian.
502 2260 592 2296 Civ.
619 2268 656 2305 5,
687 2261 744 2305 76.
775 2271 811 2296 et
839 2275 876 2296 n.
910 2261 936 2297 l.
1001 2264 1062 2299 Dc
1087 2263 1223 2300 vocab.
1253 2266 1372 2299 civilis
1403 2275 1442 2299 v.
1468 2260 1551 2298 ind.

125 2323 260 2357 Postea
287 2323 490 2370 gymnasia
523 2331 595 2368 pro
618 2321 818 2367 gymnasio
848 2319 954 2356 dedit
980 2321 1158 2358 Oudend.
1187 2332 1335 2358 secutus
1364 2320 1555 2358 casaubo-

128 2391 224 2415 num
242 2389 278 2414 et
297 2377 507 2414 Graevium
520 2403 531 2421 ,
559 2375 674 2412 illum
696 2388 779 2425 ego.

223 2439 436 2487 aegrorum]
488 2433 669 2470 Ridicula
702 2445 756 2470 est
780 2435 996 2473 emendatio
1023 2439 1159 2475 Burm.
1186 2451 1369 2487 equorum.
1419 2437 1556 2472 Sensus

131 2505 186 2535 est
208 2506 284 2531 tam
307 2504 477 2542 apertus,
504 2503 548 2528 ut
566 2491 777 2529 verborum
798 2493 949 2543 pudeat.

225 2553 436 2595 Perculsus]
478 2552 588 2598 ¹Ern.
616 2560 653 2586 et
682 2551 859 2600 Oudeud.
882 2551 1049 2591 maluere
1071 2568 1276 2602 percussus.
1331 2551 1471 2590 Nescio
1510 2563 1558 2589 an

132 2620 356 2660 argutentur
374 2609 416 2649 in
437 2608 636 2648 statuendo
661 2608 804 2645 horum
825 2611 1105 2648 vocabulorum
1127 2611 1351 2649 discrimine
1377 2610 1459 2646 viri
1487 2609 1553 2645 do-

133 2668 309 2710 ctissimi.
358 2667 564 2716 Aptissime
582 2667 698 2705 etiam
716 2668 825 2718 vulg.
849 2669 1020 2705 defendit
1037 2672 1185 2707 Miiller.
1207 2667 1381 2718 exemplo
1405 2668 1496 2705 Liv.
1517 2677 1554 2712 2,

133 2733 196 2776 „³4-
229 2725 445 2770 „Aricinos
474 2738 532 2762 res
558 2726 759 2776 inopinata
787 2730 1011 2775 perculerat.
1025 2731 1046 2747 ‘⁴
1080 2741 1119 2766 v.
1148 2729 1264 2765 etiam
1294 2727 1458 2769 Glossar.
1486 2725 1554 2768 Lie

126 2796 243 2826 viati.

139 2841 141 2843 ’
231 2845 453 2890 exercuisse]
501 2841 582 2885 Alii
604 2843 771 2898 pxobnnt
788 2848 998 2886 exseruisse.
1025 2859 1066 2884 v.
1087 2844 1132 2883 ad
1152 2844 1297 2886 Neron.
1320 2844 1378 2885 25.
