1799 3251
279 146 379 192 436
673 160 713 190 e.
803 155 1283 191 εσΕΤυΗΙῙ

281 291 357 319 cos
390 274 484 317 dies
519 272 641 332 apud
674 272 893 315 Senatum
935 272 1194 331 increpito,
1255 289 1444 319 coenam
1482 290 1532 320 ea
1572 275 1680 334 lege

282 342 520 400 condixit,
551 358 608 384 ne
637 342 744 399 quid
769 356 827 384 ex
855 343 1184 385 consuetudine
1206 343 1472 388 immutaret
1496 354 1575 389 aut
1597 346 1676 389 de-

278 421 450 468 meret,
490 420 631 469 utque
658 411 792 453 nudis
813 410 978 469 puellis
1000 410 1364 456 ministrantibus
1391 422 1675 458 coenaretur.

277 479 622 539 Ignotissimum
641 488 909 537 quaesturae
947 480 1239 525 candidatum
1271 474 1563 526 nobilissimis
1596 499 1677 526 an·

277 551 497 610 teposuit,
540 551 597 593 ob
622 558 807 608 epotam
830 550 878 591 in
903 549 1138 606 convivio,
1173 552 1453 610 propinante
1475 568 1537 609 se,
1574 551 1675 595 vini

276 621 566 679 amphoram.
637 618 818 662 Asellio
839 618 1010 661 Sabino
1030 620 1235 662 sestertia
1261 621 1456 663 ducenta
1479 621 1672 665 donavit

276 705 366 750 pro
400 689 608 746 dialogo,
645 688 804 745 inquo
827 688 997 745 boleti,
1033 696 1079 731 et
1113 688 1363 745 ficedulae,
1399 698 1444 732 et
1479 698 1673 748 ostreae,

276 768 320 802 et
353 758 482 801 turdi
523 765 755 801 certamen
787 757 1048 801 induxerat.
1119 758 1311 803 Novum
1344 757 1540 816 denique
1573 757 1675 802 offi-

276 828 402 871 cium
435 827 637 870 instituit
672 843 695 868 a
713 827 1055 884 voluptatibus,
1093 827 1362 885 praeposito
1382 827 1554 885 Equite
1576 827 1674 870 Ro-

274 913 438 953 mano,
487 896 542 939 T.
580 895 805 939 Caesonio
838 896 1011 939 Prisco.
1063 892 1176 957 [43]
1218 896 1406 940 Secessu
1437 912 1550 947 vero
1586 896 1672 939 Ca-

273 965 457 1026 preensi
492 965 626 1008 etiam
665 965 894 1009 sellariam
929 965 1240 1022 excogitavit,
1296 967 1448 1009 sedem
1483 981 1671 1009 arcana-

272 1051 377 1078 rum
412 1034 682 1078 libidinum:
735 1035 783 1076 in
816 1049 955 1091 quam
986 1034 1187 1091 undique
1218 1034 1465 1092 conquisiti
1492 1035 1672 1094 puella·-

272 1120 377 1148 rum
405 1112 448 1147 et
472 1106 768 1146 exoletorum
791 1119 980 1160 gregeS,
1015 1105 1353 1161 monstrosique
1394 1103 1669 1148 concubitus

268 1182 561 1231 repertores,
600 1188 710 1229 quos
744 1173 972 1230 spintrias·
1012 1173 1301 1231 appellabat,
1339 1173 1518 1231 triplici
1549 1172 1668 1216 serie

272 1242 502 1298 connexi,
541 1241 742 1285 invicem
771 1241 1045 1284 incestarent
1063 1258 1108 1285 se
1135 1257 1288 1284 coram
1312 1241 1429 1299 ipso,
1467 1249 1515 1284 ut
1539 1258 1670 1300 aspe-

270 1320 349 1354 ctu
375 1311 635 1354 deficientes
661 1310 877 1353 libidines
904 1309 1141 1352 excitaret.
1218 1309 1444 1352 Cubicula
1471 1310 1668 1368 plurifa-

268 1380 388 1425 riam
409 1379 628 1437 disposita
656 1378 837 1421 tabellis
875 1394 929 1421 ac
959 1378 1122 1434 sigillis
1155 1377 1559 1421 lascivissimarum
1593 1379 1665 1437 pi-

269 1458 504 1492 cturarum
534 1456 577 1490 et
602 1447 851 1503 figurarum
885 1445 1150 1501 adornavit,
1187 1445 1408 1502 librisque
1429 1446 1667 1505 Elephan-3

267 1518 375 1562 tidis
397 1516 650 1569 instruxit,
685 1531 741 1557 ne
766 1514 839 1557 cui
862 1514 908 1556 in
931 1530 1072 1572 opera
1094 1515 1270 1557 edenda
1305 1516 1549 1573 exemplar
1580 1514 1668 1558 im-

264 1587 453 1646 peratae
477 1586 688 1629 schemae
715 1585 899 1627 deesset.
970 1583 1024 1626 In
1047 1583 1175 1625 silvis
1203 1599 1386 1640 quoque
1418 1599 1471 1626 ac
1504 1599 1665 1628 nemo·
1714 1631 1716 1633 ,

266 1656 391 1700 ribus
413 1655 581 1713 passim
604 1654 842 1696 Venereos
865 1654 989 1694 lccos
1012 1661 1299 1695 commentus
1324 1661 1419 1709 est,
1454 1661 1666 1712 prostan-

267 1734 427 1782 tesque
450 1740 534 1782 per
562 1731 692 1766 antra
723 1731 767 1764 et
798 1737 928 1764 cavas
950 1737 1116 1779 rupes,
1150 1735 1209 1764 ex
1255 1722 1491 1778 utriusque
1525 1736 1662 1765 sexus

265 1796 416 1855 pube,
461 1793 765 1836 Paniscorum
800 1799 844 1834 et
876 1790 1208 1849 Nympharum
1241 1789 1428 1833 habitu:
1486 1792 1667 1850 palam-

266 1879 352 1921 que
386 1864 479 1919 jam
511 1870 555 1904 et
591 1862 729 1917 vulgo
763 1859 951 1903 nomine
987 1859 1161 1901 insulae
1190 1858 1452 1916 abutentes,
1496 1856 1667 1919 Capri-

262 1947 407 1976 ·neam
431 1930 715 1974 dictitabant.
751 1922 865 1993 [44]
908 1929 1089 1988 Majore
1121 1927 1273 1972 adhuc
1298 1936 1344 1971 et
1363 1928 1572 1988 turpiore
1595 1929 1664 1973 in·

354 2073 556 2117 sellariam]
610 2073 696 2105 Tac.
716 2069 759 2104 A.
782 2068 816 2111 6,
837 2080 868 2102 1.
896 2068 1045 2111 „Tunc
1072 2067 1242 2116 primum
1271 2065 1403 2115 ignota
1435 2077 1518 2104 aute
1551 2078 1662 2104 voca·

261 2127 350 2165 bula
370 2139 512 2176 reperta
529 2135 634 2169 sunt,
663 2128 889 2161 sellariorum.
905 2136 940 2159 et
958 2129 1194 2172 spintriarum
1207 2152 1215 2165 ,
1241 2136 1288 2159 ex
1310 2123 1488 2160 foeditate
1515 2123 1593 2160 loci
1620 2139 1662 2161 ac

260 2184 469 2232 multiplici
487 2184 666 2232 patientia
686 2196 787 2231 sequ.
803 2186 829 2202 “
876 2185 950 2218 Dio
976 2182 1089 2216 etiam
1111 2183 1167 2224 58,
1200 2191 1257 2217 22.
1282 2182 1321 2218 ἐκ
1338 2186 1408 2218 τῶν
1429 2183 1588 2228 ἐρώτων,
1612 2178 1662 2226 οἷς

974 2238 1047 2251 ‘'tr

260 2315 326 2341 9ο,
354 2302 572 2343 διεβάλλετο.

352 2358 620 2402 Elephantidis]
674 2357 804 2392 IlIolles
827 2356 1086 2401 Elephantidos
1118 2354 1255 2389 libellos
1279 2362 1466 2389 memorat
1491 2353 1660 2388 Mat-tint.

263 2424 321 2457 ²29
343 2422 400 2458 45)
420 2422 455 2458 4·

350 2474 531 2514 schemae]
586 2469 645 2505 Al.
680 2483 817 2506 scenae.
855 2471 985 2515 σχῆμα
1025 2466 1165 2502 dicitur
1200 2466 1246 2502 de
1284 2466 1402 2501 modo
1439 2464 1657 2501 exercendae

257 2528 453 2571 libidinis,
486 2539 522 2564 et
547 2528 691 2562 venisse
720 2526 872 2561 videtur
903 2525 1064 2560 mutatio
1095 2537 1114 2558 a
1143 2521 1322 2564 librario,
1356 2536 1469 2571 quem
1496 2524 1657 2559 offendit

257 2586 448 2635 genitivus
466 2583 703 2620 insolentior.
730 2597 766 2619 v.
782 2585 934 2618 Tarneb.
953 2582 1107 2617 Advers.
1136 2588 1195 2625 14,
1219 2591 1272 2625 17.
1298 2582 1369 2616 Pro
1385 2585 1584 2628 imperatae
1601 2592 1653 2618 se.

257 2657 279 2679 a
294 2643 454 2678 Tiberio
475 2643 520 2678 al.
539 2642 680 2678 vitiose
701 2645 907 2686 imparatae
922 2652 960 2674 v.
980 2643 1210 2684 impetratae.

353 2702 583 2748 Caprineum]
634 2697 792 2739 Nescio,
817 2710 884 2732 cnr
913 2695 1158 2743 probaverint
1187 2694 1265 2729 viri
1291 2694 1394 2729 docti
1424 2693 1652 2730 emendatio-

253 2769 317 2795 nes
342 2756 554 2806 καπρίᾷν
579 2770 657 2792 eum
678 2768 715 2789 V.
739 2751 922 2802 κοδπρᾷν
946 2768 1036 2788 eum.
1084 2751 1125 2786 Si
1151 2749 1212 2787 vel
1243 2753 1408 2785 maxime
1437 2753 1649 2800 Capy-ineam

254 2826 345 2851 esset
363 2826 604 2863 conuptum,
627 2814 768 2851 insulae
787 2822 911 2849 tamen
933 2822 1076 2848 nomen
1091 2807 1410 2847 substituendum.
