1799 3251
520 173 1091 217 PRAEFATIQ
1409 182 1502 216 xxr

97 314 213 349 rum
231 295 446 345 nomine
473 309 668 359 poterat
695 299 904 362 sperari,
939 315 1104 362 neque
1136 297 1191 345 id
1224 297 1354 346 vitio
1385 314 1494 345 ver-

74 367 307 421 *ttendum
339 367 651 431 gravissimis
682 370 834 426 viris,
898 386 1057 432 quum
1083 370 1164 415 illi
1198 369 1489 416 auditorum

68 404 300 504 {ingenia
343 438 665 500 privataeque
697 438 1039 486 institutionis
1079 439 1350 485 utilitatem
1380 453 1490 500 spe-

91 519 308 564 ctarent,
344 506 569 569 adeoque
591 509 646 554 in
666 509 944 557 levioribus
980 524 1145 571 saepe,
1182 525 1307 570 quae
1339 508 1490 573 igno-

87 579 188 627 rari
224 576 387 624 adhuc
419 576 680 634 videbant,
718 578 1071 634 subsisterent,
1116 594 1279 639 neque
1311 578 1366 623 in
1396 594 1489 640 pu·

87 646 286 695 'blicum
342 649 538 693 exitura
589 648 703 703 illa,
758 648 1050 713 cogitarent.
1140 651 1214 693 Ita
1258 648 1486 694 Reitzius

76 717 240 766 'etiam
279 715 439 762 modo
474 716 679 780 antiqua
718 721 1068 766 Romanorum
1100 715 1334 762 instituta
1366 716 1486 761 illu-

87 797 242 843 strat,
298 785 457 832 modo
505 803 654 833 usum
695 787 968 834 verborum
1011 799 1058 833 et
1104 785 1488 848 grammaticam

76 855 454 919 ,etymologiam
489 855 718 921 indagat,
755 860 1012 920 multaque
1040 855 1322 910 immiscet,
1362 869 1488 918 quae

85 926 199 976 *iva
227 925 434 989 quidem
458 942 584 972 voce
604 926 720 972 addi
743 929 931 983 solent,
968 926 1186 972 editioni
1219 941 1327 972 non
1359 940 1484 970 con-

38 1011 41 1016 ’
74 996 313 1046 veniunt.
388 995 651 1051 Ceterum,
687 996 808 1042 inde
832 997 984 1044 etiam
1013 996 1149 1042 varia
1178 1011 1259 1041 me
1282 994 1483 1040 desum-

82 1066 231 1121 sisse,
272 1081 398 1129 quae
421 1081 536 1127 prae
557 1065 729 1112 ceteris
754 1066 901 1112 utilia
923 1066 1229 1121 viderentur,
1266 1065 1479 1110 lectores

82 1135 274 1200 passim
315 1134 605 1189 invenient;
663 1147 710 1180 et
753 1153 854 1198 quo
891 1134 1057 1195 major
1089 1135 1145 1182 in
1171 1132 1401 1199 legendis
1432 1144 1481 1178 et

78 1203 468 1274 perlustrandis,
497 1204 701 1267 quaein
722 1222 1004 1267 paucorum
1036 1217 1235 1252 tantum
1272 1218 1481 1264 conspe-

80 1282 222 1323 ‘ctum
261 1273 500 1329 veniunt,
557 1276 818 1337 voluptas,
867 1292 926 1322 eo
966 1275 1195 1340 graviora
1233 1275 1383 1319 etiam
1417 1272 1479 1317 de

80 1360 232 1408 opera
255 1355 430 1390 nostra
453 1356 573 1390 sunt
591 1344 769 1391 merita
797 1345 922 1403 viri,
960 1346 1050 1408 qui
1084 1345 1297 1391 illorum
1328 1358 1479 1396 usum

70 1413 254 1476 mobis,
293 1425 339 1459 et
362 1413 451 1476 qui
473 1426 689 1460 utuntur
706 1415 923 1472 nostris,
961 1415 1190 1463 invidere
1209 1413 1395 1460 noluit.

80 1542 82 1544 v
216 1483 451 1532 Restabat
483 1482 671 1540 adhuc,
733 1496 791 1531 ut
838 1484 898 1531 de
940 1484 1188 1550 glossario
1233 1482 1479 1546 quaedam

76 1568 471 1618 praemonerem.
545 1553 663 1608 Sed,
704 1554 949 1616 quoniam
979 1553 1215 1601 librarius
1244 1551 1479 1615 precibus

78 1623 206 1671 meis
231 1623 331 1668 hoc
358 1620 519 1678 dedit,
556 1634 613 1667 ut
630 1624 845 1669 seorsim
863 1623 957 1671 iste
987 1625 1192 1670 libellus
1229 1621 1480 1669 emittere·

77 1705 185 1753 tur,
220 1703 426 1754 propter
448 1707 561 1746 eos,
599 1693 687 1753 qui
724 1692 818 1738 alia
852 1693 1078 1739 editione
1104 1691 1205 1751 jam
1239 1687 1480 1737 instructi

75 1760 288 1824 aliquod
310 1760 742 1822 interpretationis
777 1761 1066 1808 subsidium
1099 1771 1364 1822 cuperent,
1401 1756 1479 1803 ibi

76 1831 201 1896 quid
226 1829 432 1877 consilii
456 1829 616 1875 secuti
636 1828 907 1886 fuerimus,
946 1828 1242 1891 exponendi
1274 1826 1476 1874 occasio

74 1912 319 1963 suppetet.
422 1902 622 1960 Itaque,
687 1914 837 1960 quem
890 1898 1119 1944 laborem
1164 1895 1475 1944 tristissimis

73 1968 421 2032 temporibus,
460 1982 698 2029 oppressa
732 1965 881 2013 foeda
917 1966 1273 2013 dominatione
1300 1965 1475 2027 patria,

74 2051 122 2088 et
141 2038 444 2087 imminente
465 2049 522 2082 ut
544 2036 787 2083 omnibus
811 2037 948 2098 pacis
972 2036 1189 2093 artibus,
1224 2036 1295 2082 ita
1314 2034 1474 2081 literis

72 2109 294 2158 maxime
335 2119 387 2153 et
432 2106 668 2169 antiquae
708 2105 989 2153 eruditioni
1021 2106 1206 2162 exitio,
1267 2103 1473 2150 adortus

73 2177 292 2234 fueram,
329 2188 503 2238 postea
526 2175 658 2222 inter
679 2174 877 2222 medios
911 2175 1033 2222 belli
1063 2176 1338 2229 tumultus,
1377 2172 1472 2219 cir·

74 2245 531 2308 cumstrepentibus
555 2246 705 2292 armis
721 2281 734 2302 ,
770 2261 916 2307 saepe
936 2245 1163 2292 adstante
1189 2245 1338 2291 etiam
1378 2242 1472 2288 rni-

73 2317 189 2374 lite,
236 2315 558 2371 continuavi,
612 2331 788 2378 quem,
831 2331 1009 2376 parum
1042 2314 1261 2378 denique
1292 2313 1471 2367 aberat,

73 2387 198 2452 quin
234 2386 343 2448 ipse
376 2384 556 2433 sumtis
589 2385 768 2441 armis,
814 2398 979 2431 morte
1011 2384 1183 2432 forsan
1228 2381 1469 2445 oppetita,

71 2456 516 2517 interrumperem,
576 2470 719 2509 eum,
774 2458 886 2500 Deo
922 2455 1040 2501 satis
1076 2454 1252 2518 dignas
1288 2451 1469 2516 gratias

73 2525 235 2573 dicere
255 2540 468 2586 nequeo,
501 2523 639 2586 quod
664 2523 921 2570 absolvere
942 2523 1069 2570 mihi
1091 2522 1307 2585 contigit
1330 2519 1470 2567 resti-

72 2607 178 2644 tuta
199 2593 400 2642 laetiori
419 2609 587 2639 rerum
614 2593 802 2651 forma,
839 2610 1082 2657 oppresso
1110 2606 1328 2654 tyranno
1345 2627 1357 2646 ‚
1393 2605 1469 2636 re-

0 2720 7 2734 ,
74 2676 304 2727 cuperata
322 2662 576 2718 libertate,
614 2676 901 2710 renascente
933 2662 1177 2711 felicioris
1214 2661 1322 2708 aevi
1362 2675 1464 2722 spe,

0 2738 7 2750 ³
74 2751 215 2782 novo
238 2729 520 2796 emergente
547 2733 803 2779 literarum
823 2732 960 2788 flore,
985 2732 1276 2794 redditaque
1301 2729 1468 2777 omni-

0 2800 5 2810 ’
75 2803 198 2861 bu5‚
235 2819 360 2867 quae
381 2802 543 2848 emori
583 2814 835 2865 coeperat,
872 2803 1004 2849 vitae
1038 2802 1270 2865 publicae
1305 2800 1470 2863 priva-

0 2873 2 2881 *
62 2879 258 2942 [taeque
306 2872 582 2930 alacritate3
647 2874 772 2937 quae
817 2873 992 2921 omnia
1033 2871 1110 2920 uti
1138 2886 1331 2935 sperare
1361 2883 1479 2916 curn

1 408 40 441 ‘335
