1799 3251
251 177 315 223 44
651 190 689 220 c.
771 187 1248 224 suE'roxtt

251 303 365 369 [αα]
401 306 573 348 Socero
595 305 738 362 igitur
760 320 1018 363 generoque
1056 308 1440 364 suffragantibu33
1486 320 1559 351 'ex
1596 321 1646 350 ο·

247 378 346 420 mni
361 374 708 434 provinciarum
729 374 864 433 copia
876 374 1050 418 Gallias
1075 378 1366 435 potissimum
1388 375 1541 434 elegit,
1564 391 1651 418 cu«

242 448 315 504 jus
351 445 662 488 emolumento
699 452 746 486 et
783 445 1134 501 opportunitate
1167 446 1332 490 idonea
1357 447 1415 489 sit
1450 444 1644 488 materia

246 515 608 571 triumphorum.
700 513 762 556 Et
801 513 936 557 initio
971 515 1159 571 quidem
1204 517 1406 560 Galliam
1448 513 1646 573 Cisalpi-

339 664 846 712 Gallias—triumphorum]
874 665 1069 714 Aequievi
1090 666 1241 702 tandem
1262 666 1306 701 in
1323 665 1435 714 vulg.
1457 664 1640 706 lectione.

243 732 452 772 postquam
471 735 644 758 summos
665 724 773 757 viros
795 724 838 757 in
858 722 1082 771 refingendo
1096 723 1183 759 loco
1204 724 1347 760 frustra
1367 724 1560 760 laborasse
1579 721 1642 758 vi·

242 781 297 817 di.
346 782 399 816 Ac
417 781 590 827 primum
615 781 763 816 Gallias
783 782 933 815 credidi
943 792 1042 816 stare
1065 783 1216 825 debere,
1243 783 1426 831 quoniam
1448 782 1559 830 prius
1581 789 1641 816 to·

244 848 282 875 ta
307 838 514 886 provincia
548 840 785 875 nominanda
815 849 917 880 erat,
942 849 1074 885 postea
1094 850 1248 886 partes,
1276 840 1470 888 Cisalpina
1498 848 1537 874 et
1564 838 1644 874 Co·

240 907 370 936 mota.
408 908 450 932 ac
471 909 606 944 posse,
640 895 819 944 quamvis
847 906 1029 943 sequatur
1057 898 1174 943 cujus,
1200 909 1267 944 per
1294 899 1453 944 synesin
1479 910 1519 933 v.
1555 894 1642 930 elli-

241 956 332 1004 psin
352 968 442 991 voc.
469 956 680 999 provinciae
703 967 742 989 v.
767 956 941 1001 regionis,
979 955 1119 989 deinde
1150 956 1200 989 sit
1225 966 1304 989 esse
1323 955 1480 1003 quidem
1508 963 1642 988 eontra

240 1013 429 1049 usitatum
449 1024 663 1059 temporum
687 1012 866 1047 ordinem
887 1025 959 1060 pro
991 1021 1103 1052 esset,
1139 1013 1347 1061 scriptores
1376 1023 1527 1051 tamen,
1558 1023 1639 1046 ma-

238 1074 346 1107 xime
369 1072 533 1107 seriores
549 1096 557 1110 ‚
582 1070 624 1103 in
646 1082 690 1105 eo
714 1069 957 1105 observando
980 1070 1079 1105 haud
1106 1071 1224 1106 nimis
1244 1083 1394 1119 semper
1421 1082 1500 1106 esse
1530 1080 1639 1104 secu-

237 1141 356 1170 ruos,
382 1129 505 1176 (quod
518 1140 624 1175 saepe
649 1128 696 1162 iis
719 1127 870 1167 accidit.
899 1129 965 1176 qui
987 1129 1195 1163 vernacula
1219 1128 1354 1176 lingua
1379 1129 1573 1173 utuntur).
1600 1134 1640 1162 et

236 1189 394 1224 defendi
413 1199 526 1236 posse
549 1198 659 1221 more
673 1186 924 1226 Graecorum,
952 1187 1022 1233 qui
1041 1199 1061 1220 a
1085 1196 1260 1234 tempore
1278 1187 1490 1235 praeterito
1515 1195 1638 1220 trane·

234 1248 296 1282 ire
315 1246 438 1281 solent
458 1245 502 1279 in
522 1244 616 1278 viva
640 1245 861 1278 narratione
882 1244 929 1277 ad
950 1256 1154 1291 praesens,
1189 1250 1410 1291 praesertim
1443 1256 1563 1292 quum
1595 1242 1637 1276 h.

238 1305 267 1343 l.
298 1316 473 1352 praesens
506 1303 677 1338 Caesaris
697 1301 927 1337 deliberatio
959 1313 1295 1338 commemoretur.
1343 1303 1519 1349 Denique
1540 1312 1637 1335 emo·

237 1363 439 1398 lamentum
461 1373 541 1396 non
563 1360 715 1401 solum,
745 1370 789 1395 ut
810 1359 904 1400 alii,
939 1359 1003 1395 vel
1023 1360 1068 1394 de·
1091 1362 1264 1395 ubertate
1283 1360 1382 1406 agri,
1416 1359 1482 1394 vel
1503 1359 1548 1392 de
1577 1356 1638 1392 rei

237 1434 396 1468 magnae
425 1419 702 1460 absolutione,
737 1417 797 1453 vel
823 1417 869 1451 de
901 1418 950 1452 iis
979 1417 1185 1465 intelligo,
1213 1417 1358 1466 quibus
1377 1416 1524 1452 solebat
1542 1415 1636 1450 haee

234 1479 441 1528 provincia
475 1481 626 1516 ornati,
666 1477 730 1512 sed
763 1476 809 1511 de
840 1476 1028 1510 omnibus
1057 1477 1221 1510 omnino
1255 1477 1338 1521 ejus
1359 1474 1576 1511 commodis
1597 1482 1635 1509 et

233 1538 351 1574 bonis
367 1561 376 1576 ‚
405 1548 502 1583 quae
523 1537 661 1571 Caesar
680 1535 763 1569 sine
776 1534 896 1568 dubio
918 1533 1063 1579 optime
1084 1534 1368 1579 perspiciebat,
1394 1533 1491 1578 (nisi
1513 1531 1632 1567 scrib.

235 1595 472 1630 emolimento
493 1594 523 1626 i.
541 1605 572 1627 e.
597 1592 752 1630 labore,
782 1591 827 1625 de
846 1603 924 1638 quo
945 1604 983 1625 v.
1009 1592 1110 1624 Mor.
1134 1590 1180 1623 ad
1224 1592 1326 1626 Caes.
1345 1592 1386 1626 B.
1409 1592 1456 1627 G.
1490 1605 1520 1631 i,
1553 1589 1633 1634 34.)

229 1654 553 1699 opportunitatem
574 1660 701 1685 autem
722 1651 767 1684 de
787 1649 866 1684 situ
888 1649 1069 1694 regionis,
1096 1649 1187 1682 eatis
1208 1659 1437 1697 opportuno
1450 1647 1497 1683 ad
1514 1657 1631 1681 mate·

231 1714 328 1748 riam
358 1711 648 1754 triumphorum,
683 1716 720 1741 et
749 1707 798 1741 ob
829 1705 1001 1741 subsidia
1033 1705 1126 1740 belli
1147 1707 1299 1742 facilius
1321 1705 1566 1746 adducenda,
1593 1714 1632 1741 et

234 1771 286 1807 ob
307 1769 501 1805 bellorum
522 1778 569 1800 ex
589 1765 731 1800 ineolis
759 1763 1019 1811 finitimisque
1049 1765 1216 1811 copiam,
1244 1765 1338 1800 Non
1369 1764 1631 1799 omittendum

231 1839 385 1869 tamen,
412 1825 574 1861 casaub.
601 1824 846 1857 emendasse:
885 1823 986 1866 cujus
1020 1822 1268 1857 emolumenta
1296 1832 1331 1858 et
1369 1827 1632 1869 opportunita-

232 1901 285 1926 tes
320 1886 459 1921 idonea
493 1889 566 1917 sint
603 1888 763 1915 materia
804 1880 1082 1925 triumphorum,
1111 1880 1343 1916 Gruterum:
1372 1881 1497 1927 elegit.
1529 1893 1629 1914 emo·

231 1949 394 1983 lumento
421 1952 456 1978 et
483 1942 765 1987 opportunitate
784 1938 960 1972 idoneam
982 1943 1179 1972 materiam
1200 1937 1493 1983 triumphorum.
1528 1939 1563 1975 J.
1590 1939 1627 1973 F.

230 2008 407 2042 Gronov.
446 2010 528 2036 tunc
556 2006 591 2032 st
619 1995 865 2030 emolumento
897 2004 932 2030 et
964 1996 1243 2040 opportunitate
1266 1998 1421 2030 idoneas
1442 1998 1626 2031 maceriae

230 2064 517 2108 triumphorum,
545 2059 623 2096 Jac.
654 2056 824 2090 Gronov.
851 2060 967 2089 cuivis
996 2052 1243 2087 emolumento
1282 2062 1319 2088 et
1347 2059 1628 2098 opportunitate

228 2122 408 2158 idoneas,
440 2127 476 2153 et
493 2117 652 2151 materici
674 2115 964 2159 triumphorum,
992 2123 1106 2158 quam
1135 2111 1416 2145 correctionem
1437 2123 1518 2146 non
1542 2111 1628 2158 ipse

228 2182 350 2217 modo
380 2175 494 2212 valde
522 2175 720 2213 laudavit,
756 2173 822 2209 sed
853 2171 1030 2218 probavit
1066 2169 1181 2202 etiam
1205 2168 1526 2214 Oudendorpius,
1556 2169 1627 2218 qui

230 2238 390 2275 idoneas
401 2246 526 2270 tamen
540 2243 631 2283 post
642 2231 748 2268 emol.
771 2231 941 2280 positum
963 2228 1142 2267 malebat,
1168 2227 1399 2266 etWolfius.
1418 2228 1622 2275 quiaddit:

225 2297 344 2345 „quis
377 2292 495 2329 malet
543 2291 752 2341 glandibus
783 2289 910 2327 vesci,
947 2300 996 2322 ex
1013 2300 1089 2335 quo
1118 2286 1246 2334 fruges
1271 2297 1444 2334 repertae
1470 2288 1624 2325 suut?“

227 2356 362 2390 Fateor
391 2363 503 2390 sane,
537 2349 710 2385 nondum
743 2347 845 2382 mihi
878 2347 930 2382 ita
961 2348 1007 2380 de
1043 2345 1225 2392 frugibus
1254 2344 1340 2380 istis
1365 2357 1443 2381 esse
1463 2359 1622 2395 persua-

229 2425 334 2451 sum,
364 2420 408 2445 ut
426 2407 510 2443 illis
537 2406 744 2455 glandibus
766 2405 892 2440 adhue
915 2403 1107 2439 abstinere
1127 2415 1276 2450 queem.
1332 2403 1511 2438 Ceterum
1531 2405 1623 2441 facit

227 2471 308 2506 fere
337 2479 511 2504 mecum.
546 2465 611 2512 qui
639 2476 764 2511 nuper
789 2463 835 2498 de
863 2463 900 2498 h.
933 2462 958 2498 l.
994 2461 1094 2508 egit.
1138 2460 1351 2496 Walcherus
1379 2462 1421 2495 in
1453 2462 1621 2499 Observ,

228 2528 278 2563 ad
299 2521 472 2564 Sueton.‚
501 2522 722 2570 Tot-gaviae
743 2521 906 2561 emissis,
933 2520 1008 2554 nisi
1030 2519 1134 2566 quod
1158 2519 1290 2554 durius
1317 2520 1435 2554 verba
1456 2519 1508 2554 ita
1530 2520 1620 2565 jun-

226 2586 310 2633 git:
341 2585 444 2630 cujus
474 2587 523 2617 sit
553 2586 710 2617 maceria
738 2581 1004 2625 triumphorum
1034 2578 1088 2619 (h.
1109 2590 1140 2612 e.
1162 2588 1256 2624 quae
1289 2578 1468 2623 praebeat
1490 2589 1530 2613 v.
1550 2578 1622 2614 hs-

225 2644 314 2678 beat
336 2640 535 2676 materiam
560 2640 626 2686 tr.)
672 2639 810 2673 idonea
844 2637 1088 2671 emolumento
1130 2645 1164 2670 et
1202 2639 1486 2681 opportunitate
1517 2635 1558 2672 h.
1583 2648 1617 2673 ο.

226 2700 312 2734 sive
344 2708 539 2745 spectetur
574 2696 883 2733 emolumentum
913 2707 941 2729 s.
975 2693 1261 2742 opportunitas.
1313 2692 1485 2728 Facilius
1516 2704 1620 2730 certe
1652 2725 1658 2728 .

220 2766 361 2794 auctor
389 2756 627 2803 scripsisset:
674 2757 773 2800 eujus
809 2760 970 2788 materia
1002 2759 1052 2788 sit
1088 2750 1382 2798 triumphorum.
1418 2761 1452 2785 et
1476 2752 1620 2788 emolu.

221 2822 372 2854 mento.
427 2821 463 2849 et
509 2815 788 2860 opportunitate
817 2812 976 2851 idonea,
1018 2821 1131 2859 atque
1169 2810 1252 2858 ipse
1284 2808 1398 2844 verbi
1423 2821 1497 2844 osse
1524 2820 1618 2845 usus

223 2873 298 2910 hoe
342 2883 460 2910 sensu
501 2873 713 2910 orationem
759 2871 871 2923 quasi
905 2868 1088 2908 consulto
1126 2866 1331 2905 difficilem
1364 2867 1614 2905 reddidisset.
