1799 3251
280 191 381 236 550
694 203 1285 237 αἐυΕΤοΝιι

288 321 471 377 uxore}
507 319 735 365 amatorio
756 319 942 379 quidem
966 313 1442 379 medicamento,'sed
1477 322 1603 380 quod
1635 321 1688 366 in

289 389 498 432 furorem
524 390 727 434 verterit.
776 390 1060 437 incitabatur
1086 390 1317 432 insomnia
1338 391 1541 435 maxime
1562 405 1572 433 ι
1609 407 1691 435 ne-

292 474 379 516 que
406 458 529 502 enim
567 460 671 518 plus
704 475 842 517 quam
871 459 1018 502 tribus
1051 459 1293 501 nocturnis
1323 459 1453 503 horis
1489 460 1692 517 quiesce·

289 529 396 584 bat3
430 543 482 570 ac
504 544 563 572 ne
584 529 654 572 his
683 529 871 588 quidem
891 528 1074 587 placida
1100 527 1276 590 quiete,
1314 529 1395 572 sed
1410 529 1583 588 pavida
1603 530 1692 572 mi-

292 597 358 640 ris
386 612 544 640 rerum
583 597 886 655 imaginibus,
928 605 983 640 ut
1019 596 1097 654 qui
1131 597 1254 640 inter
1290 606 1491 653 ceteras,
1537 598 1695 657 pelagi

294 668 529 724 quondam
561 668 765 726 speciem
800 667 1145 726 colloquentem
1178 681 1334 710 secum
1372 666 1533 712 videre
1573 667 1694 712 visus

293 736 366 778 sit.
439 734 643 795 Ideoque
667 752 832 794 magna
855 744 987 795 parte
1013 735 1165 781 noctis
1183 736 1379 794 ⁴vigiliae
1402 736 1694 794 cubandique

290 805 477 861 taedio,
534 821 658 848 nunc
698 813 804 849 toro
835 805 1068 859 residens,
1125 821 1249 848 nunc
1277 821 1363 865 per
1405 805 1695 863 longissimas

291 873 502 933 porticus
525 889 690 932 vagUS‚
731 875 951 918 invocare
977 873 1232 918 identidem
1261 885 1398 936 atque
1423 884 1697 934 exspectare

290 944 446 986 lucem
481 953 736 989 consuerat.
790 938 902 1009 [51]
941 944 1052 986 Non
1073 944 1309 990 immerito
1336 944 1501 987 mentis
1525 944 1699 987 valetu-
1759 979 1764 982 .

293 1012 393 1056 dini
427 1013 719 1056 attribuerim
755 1011 1066 1058 diversissima
1102 1013 1149 1055 in
1186 1014 1347 1056 eodem
1385 1013 1533 1068 vitia,
1577 1029 1700 1057 sum·

295 1096 421 1125 mam
442 1081 803 1144 omffidenfiam,
840 1091 886 1126 et
909 1090 1072 1127 contra
1100 1082 1296 1126 nimium
1316 1091 1504 1126 metum.
1575 1082 1702 1129 Nam

296 1150 380 1208 qui
400 1151 525 1193 Deos
548 1159 677 1195 tanto
701 1168 843 1212 opere
877 1160 1220 1209 contemneret,
1257 1152 1311 1194 ad
1351 1151 1545 1195 minima
1583 1151 1704 1195 toni-

295 1229 402 1263 trua
427 1229 473 1264 et
493 1219 681 1277 fulgura
706 1222 984 1274 connivere,
1023 1229 1163 1279 caput
1191 1221 1472 1278 obvolvere,
1506 1221 1564 1264 ad
1587 1236 1700 1265 vero

294 1291 474 1348 majora
497 1290 745 1349 proripere
765 1306 812 1334 se
839 1307 861 1334 e
881 1299 1053 1346 strato,
1091 1291 1174 1333 sub
1202 1291 1467 1347 lectumque
1503 1291 1703 1333 condere

295 1360 487 1402 solebat.
572 1359 951 1417 Peregrinatione
997 1358 1183 1415 quidem
1232 1358 1490 1415 Siciliensi,
1551 1359 1701 1402 irrisis

293 1429 551 1472 multorum
574 1429 789 1471 locorum
811 1427 1046 1471 miraculis
1062 1459 1074 1481 ,
1116 1435 1307 1486 repente
1333 1444 1356 1470 a
1377 1429 1589 1470 Messana
1621 1444 1706 1471 no-

298 1505 376 1541 ctu
399 1496 635 1554 profugit,
664 1495 865 1541 Aetnaei
886 1495 1072 1540 verticis
1093 1495 1220 1538 fumo
1255 1512 1307 1538 ac
1354 1512 1589 1540 murmure
1619 1511 1703 1556 pa-

295 1566 515 1610 vefactus.
595 1561 834 1610 Adversus
880 1565 1097 1608 barbaros
1134 1580 1314 1622 quoque
1345 1565 1704 1624 minimissimus,

299 1651 439 1694 quum
459 1644 585 1678 trans
597 1634 817 1680 Rhenum
839 1635 963 1678 inter
982 1635 1211 1692 angustias
1235 1636 1517 1692 densumque
1540 1651 1705 1694 agmen

293 1705 387 1748 iter
415 1705 569 1748 essedo
593 1704 792 1762 faceret,
829 1705 1010 1748 dicente
1037 1705 1263 1761 quodam,
1302 1720 1396 1746 non
1425 1703 1706 1749 mediocrem

280 1774 402 1836 fore
435 1776 890 1831 consternationem,
941 1773 1141 1817 sicunde
1173 1774 1321 1817 hostis
1359 1782 1616 1832 appareat,
1662 1789 1709 1818 e-

300 1858 446 1904 quum
472 1843 603 1887 illico
628 1845 925 1900 conscendit3
962 1858 1015 1885 ac
1039 1858 1243 1902 propere
1266 1858 1422 1886 versus
1447 1845 1502 1886 ad
1522 1853 1708 1907 ponte5‚

299 1922 353 1956 ut
377 1929 452 1956 eos
475 1913 716 1958 calonibus
745 1923 790 1956 et
815 1912 1160 1971 impedimentis
1183 1913 1374 1971 stipatos
1398 1915 1590 1971 reperit,
1622 1913 1710 1956 im·-

296 1982 478 2043 patiens
503 1998 690 2040 merae,
725 1999 810 2045 per
830 1995 992 2039 monus
1018 1997 1071 2024 ac
1106 1998 1247 2040 super
1277 1982 1430 2040 capita
1464 1981 1708 2026 hominum

296 2053 547 2099 translatus
585 2061 663 2097 est.
734 2053 859 2111 Mox
903 2052 1069 2110 etiam,
1118 2051 1273 2099 audita
1302 2051 1556 2098 rebellione
1593 2051 1712 2105 Gerq

297 2261 343 2288 ut
361 2250 570 2287 avunculus
595 2246 659 2284 ille
675 2246 858 2290 Neronis,
897 2247 973 2285 Cui
999 2256 1120 2284 totam
1154 2245 1311 2283 tremuli
1340 2246 1506 2285 frontem
1531 2247 1714 2287 cae-onia

296 2308 399 2359 pulli
423 2308 584 2345 Infudit.
599 2307 623 2329 “

390 2379 587 2426 insonmia]
639 2373 699 2411 Al,
716 2377 910 2417 insomnio,
942 2373 988 2410 de
1009 2386 1080 2421 qua
1110 2371 1234 2409 forma
1272 2372 1458 2423 singulari
1492 2373 1578 2420 jure
1603 2371 1715 2409 dubi·

298 2446 441 2476 tantem
463 2449 501 2475 v.
523 2432 702 2473 OudemL
725 2431 769 2471 ad
793 2431 831 2466 h.
857 2431 884 2469 l.

394 2509 448 2542 ad
462 2520 545 2541 vero
565 2507 723 2550 majora]
770 2499 962 2549 Displicet
980 2515 1082 2542 vero,
1109 2498 1212 2548 quod
1230 2499 1331 2537 abest
1349 2498 1394 2536 ab
1414 2510 1492 2535 uno
1509 2496 1596 2550 5:011·
1635 2495 1717 2538 Alii

299 2562 422 2604 aliter.
469 2563 653 2604 Heinsius
675 2573 774 2599 con.
794 2569 837 2595 at
856 2572 937 2596 vero
954 2561 1008 2592 ad
1029 2561 1185 2603 majora,

393 2633 555 2668 Aetnaei
566 2632 733 2674 'vertici-5]
787 2629 944 2665 Turneb.
968 2626 1124 2664 Advers.
1146 2636 1205 2668 27,
1234 2635 1293 2661 20.
1322 2639 1340 2661 e
1359 2634 1509 2661 vetusto
1531 2621 1614 2659 cod.
1636 2635 1717 2663 ma·

298 2689 397 2727 luit:
425 2695 589 2734 crateris,
617 2688 720 2741 quod
739 2698 827 2742 poet
837 2687 1008 2726 Gronov.
1030 2682 1331 2733 comprobarunt
1341 2682 1528 2720 Oudend.⁸
1550 2679 1716 2725 Ruhnk„

302 2746 428 2784 Wolf.

401 2815 495 2855 Adv-
517 2816 693 2855 barbaros
719 2829 780 2863 qu.
800 2812 954 2860 minam]
1002 2810 1231 2848 Tac.Ge1·m.
1245 2819 1305 2854 37.
1329 2810 1535 2856 „Ingentes
1560 2808 1606 2846 C.
1625 2806 1719 2845 Cae·

317 2875 408 2915 naria
428 2876 554 2917 mnae
572 2873 614 2912 in
632 2872 848 2914 ludibrium
869 2882 1009 2910 versae.
1022 2871 1048 2893 ‘-‘
