1799 3251
271 150 369 194 346
672 160 1267 193 c.suE-'1·0N11

268 274 580 336 extemporali
611 273 844 319 facultate.
927 272 1003 318 Ac
1035 291 1092 319 ne
1125 277 1388 334 periculum
1424 277 1678 321 memoriae

268 347 442 402 adiret,
475 346 626 389 autin
662 345 906 389 ediscendo
939 353 1123 405 tempus
1145 349 1434 401 absumeret,
1472 346 1679 392 instituit

269 416 468 460 recitare
490 415 658 459 omnia.
731 415 978 458 Sermones
1001 431 1186 473 quoque
1220 432 1326 460 cum
1358 417 1574 474 singulis,
1612 424 1680 459 at-

268 501 356 543 que
378 484 517 528 etiam
543 499 650 528 cum
669 483 810 527 Livia
831 501 912 528 sua
946 485 1207 542 gravioreS,
1244 485 1428 529 nonnisi
1463 486 1677 544 scriptos,

265 563 311 598 et
337 570 360 597 e
389 554 548 597 libello
572 555 795 610 habebat,
827 571 885 597 ne
916 556 1018 613 plus
1053 555 1266 599 minusve
1311 556 1580 614 loqueretur
1615 569 1678 598 ex

263 633 493 683 tempore.
589 624 937 669 Pronunciabat
981 624 1105 667 dulci
1151 633 1193 667 et
1249 625 1444 684 proprio
1477 625 1677 682 quodam

265 693 362 737 oris
395 709 538 750 sono,
589 693 817 751 dabatque
849 691 1028 736 assidue
1061 693 1293 752 phonasco
1332 710 1523 752 operam
1540 704 1558 737 ε’
1597 694 1677 737 sed

264 778 626 820 nonuunquam,
664 763 906 805 infirmatis
928 763 1164 819 faucibus,
1220 763 1456 821 praeconis
1485 778 1598 807 voce
1621 763 1680 807 ad

263 834 496 894 populum
531 833 833 875 concionatus
869 841 945 875 est.
1001 829 1114 894 [85]
1158 834 1306 876 Multa
1341 832 1461 876 varii
1498 831 1680 891 generis

263 918 411 964 prosa
459 902 669 944 oratione
713 902 1002 960 composuit,
1064 919 1124 945 ex
1169 902 1333 959 quibus
1368 903 1593 946 nonnulla
1628 902 1680 945 in

265 982 401 1016 coetu
421 971 750 1027 familiarium,
789 972 914 1013 velut
942 971 992 1014 in
1015 972 1279 1029 auditorio,
1316 972 1552 1015 recitavit:
1593 971 1681 1016 sic-

263 1053 316 1086 ut
339 1042 591 1100 Rescripta
617 1040 772 1084 Bruto
800 1040 856 1084 de
884 1041 1088 1085 Catone.-
1132 1057 1247 1099 quae
1272 1041 1509 1086 volumina
1535 1056 1680 1099 quum

261 1112 355 1170 jam
378 1110 534 1154 senior
558 1127 618 1153 ex
640 1126 806 1168 magna
836 1119 968 1170 parte
997 1111 1203 1168 legisset,
1243 1111 1461 1169 fatigatus
1485 1110 1678 1155 Tiberio

265 1180 462 1226 tradidit
497 1181 788 1239 perleg-nda.
874 1181 987 1224 Item
1024 1181 1342 1225 Hortationes
1378 1181 1443 1223 ad
1469 1180 1680 1240 philoso-

256 1251 454 1311 phiam:
494 1258 539 1293 et
573 1250 730 1307 aliqua
753 1249 809 1293 de
834 1250 938 1292 vitai
961 1266 1078 1305 aaa,
1110 1267 1245 1308 quam
1268 1251 1494 1293 tredecim
1527 1249 1677 1306 libris,

267 1319 551 1363 Cantabrico
591 1328 724 1367 tenus
763 1319 917 1374 bello,
953 1336 1040 1363 nec
1069 1322 1218 1377 ultra,
1255 1319 1487 1376 exposuit.
1559 1317 1678 1362 Ροδ-

261 1389 406 1433 ticam
428 1388 693 1432 summatim
721 1389 890 1443 attigit.
962 1388 1094 1429 Unus
1118 1387 1238 1429 liber
1261 1394 1438 1443 exstat,
1474 1387 1677 1445 scriptus

260 1459 315 1501 ab
348 1474 402 1500 eo
440 1455 721 1499 hexametris
761 1455 1000 1507 versibus,
1041 1455 1166 1513 cujus
1204 1463 1248 1497 et
1279 1464 1602 1512 argumentum
1631 1464 1678 1501 et

257 1527 420 1570 titulus
444 1534 515 1568 est
538 1524 717 1568 Sicilia.
790 1524 961 1566 Exstat
995 1524 1111 1566 alter
1144 1539 1288 1582 aeque
1324 1524 1534 1568 modicus
1558 1525 1676 1585 Epi-

255 1603 617 1655 ι,ξνναιηηιαιιιηῃ
670 1609 786 1652 quae
812 1592 908 1636 sere
931 1602 1143 1652 tempore
1166 1593 1320 1637 balnei
1350 1592 1676 1638 meditabatur.

261 1667 389 1711 Nam
420 1663 710 1723 tragoediam
733 1679 901 1721 magno
928 1663 1107 1724 impetu
1131 1679 1358 1722 exorsus,
1397 1680 1494 1708 non
1521 1679 1678 1710 succe-

260 1859 331 1895 ubi
350 1869 404 1895 est
426 1859 586 1907 desectus
603 1861 727 1894 annis.
791 1857 967 1893 Ceterum
997 1856 1039 1892 in
1071 1855 1128 1891 ed.
1162 1855 1365 1892 Bremiana
1393 1855 1538 1906 insigni
1567 1866 1678 1907 typo-

260 1917 384 1953 thetae
406 1930 531 1953 errore
545 1917 646 1951 deest
662 1919 733 1952 nisi
752 1926 835 1950 ante
855 1918 1051 1950 meditata.

354 1977 522 2022 scriptos]
585 1972 688 2009 Dedi
716 1985 803 2008 cum
832 1971 1010 2008 Oudend.
1042 1972 1297 2018 conjecturam
1324 1971 1567 2015 Burmanni,.
1586 1984 1675 2020 pro-

263 2033 390 2068 batam
419 2032 534 2067 etiam
561 2031 750 2066 Ernestio.
810 2029 925 2077 Vulg.
952 2033 990 2065 in
1019 2034 1167 2076 scriptis
1195 2043 1233 2064 v.
1261 2028 1486 2077 simpliciter
1512 2031 1672 2075 scriptis.

260 2091 444 2138 Longum
466 2101 554 2124 cum
577 2087 691 2123 Livia
711 2100 921 2122 sermonem
944 2087 988 2122 de
1009 2087 1206 2122 clementia
1225 2084 1309 2135 erga
1331 2099 1406 2130 eos,
1431 2085 1501 2134 qui
1517 2084 1676 2122 insidias

259 2146 432 2195 I'riucipi
454 2145 703 2185 struxissent,
729 2144 884 2180 exhibet
904 2148 977 2180 Dio
995 2153 1055 2188 55,
1079 2152 1136 2190 14.
1155 2158 1258 2192 sequ.

348 2207 548 2251 phonasco]
590 2202 658 2250 qui
688 2201 880 2251 peroranti
901 2213 1035 2236 sonum
1053 2203 1214 2251 praeiret
1235 2202 1488 2238 instrumento
1511 2201 1674 2244 manico,

261 2274 298 2298 et:
323 2261 484 2298 omnino
513 2259 700 2296 tollendae
728 2259 789 2295 vel
832 2259 1125 2295 summittendae
1164 2259 1271 2295 vocis
1311 2258 1455 2310 regulas
1491 2258 1672 2295 edoceret.

265 2321 437 2368 Quinctil.
468 2331 497 2357 t,
537 2328 588 2360 lo,
617 2326 675 2360 27.
713 2328 791 2360 „ut
822 2329 899 2352 uno
925 2317 1080 2352 interim
1105 2317 1272 2353 contenti
1294 2318 1413 2352 simus
1433 2314 1606 2364 exemplo
1627 2316 1672 2352 C.

262 2376 442 2419 Gracchi,
470 2373 665 2424 praecipui
692 2387 850 2410 suorum
877 2385 1093 2422 temporum
1122 2375 1306 2417 oratoris,
1334 2375 1397 2410 cui
1424 2373 1670 2409 concionanti

262 2434 468 2470 consistens
485 2443 570 2481 post
590 2446 677 2466 eum
697 2432 886 2474 musicus,
913 2431 1034 2468 fistula
1048 2460 1058 2476 ,
1086 2446 1198 2482 quam
1221 2433 1380 2479 τονόριον
1402 2441 1559 2474 vocant,
1584 2442 1674 2467 mo·-

262 2492 356 2530 dos,
386 2488 527 2538 quibus
553 2488 701 2525 deberet
730 2488 896 2532 intendi,
924 2490 1182 2534 ministrabat,
1200 2494 1226 2512 ¹‘
1253 2490 1319 2526 ubi
1346 2503 1384 2526 v-
1407 2489 1673 2538 Spaldingium‚

261 2549 386 2585 nostri
416 2559 540 2583 tamen
570 2545 646 2582 loci
676 2547 958 2584 immemorem.
1011 2550 1098 2583 GeIl.
1123 2562 1153 2590 ι,
1188 2560 1240 2582 n.
1277 2559 1396 2591 „ecce
1424 2555 1570 2588 autem,
1604 2558 1672 2594 per

260 2604 436 2641 tibicinia
456 2603 644 2641 Laconica
657 2628 668 2643 ,
703 2606 816 2639 tibiae
841 2618 993 2653 quoque
1009 2605 1117 2641 illius
1136 2607 1426 2640 concionatoriae
1444 2602 1485 2637 in
1504 2613 1672 2639 mentem

261 2663 388 2706 venit,
415 2675 528 2711 quam
549 2662 592 2697 C.
614 2662 784 2697 Graccho
806 2675 894 2698 cum
914 2663 1059 2713 populo
1077 2664 1203 2712 agenti
1219 2663 1380 2713 praeisse
1407 2673 1449 2696 ac
1475 2673 1674 2709 praemon·

263 2729 394 2755 arasse
418 2718 597 2754 modulos
620 2718 756 2755 ferunt.
772 2722 796 2741 ‘⁴

356 2781 398 2812 de
412 2780 489 2812 vita
505 2781 588 2825 scta]
640 2778 741 2812 Haec
758 2787 847 2813 sunt
865 2776 1104 2823 ὑπομνήματα
1123 2775 1299 2825 Augusti,
1326 2779 1594 2818 commentarii,
1619 2775 1672 2812 ei·

262 2845 338 2871 tata
359 2849 379 2870 a
396 2837 587 2874 Plutarch.
605 2835 753 2873 Anton.
770 2844 831 2871 22.
859 2845 895 2871 et
911 2838 1072 2883 Appian.
1093 2834 1200 2883 sslyr.
1223 2840 1279 2879 ¹4·
1298 2844 1334 2870 et
1354 2832 1444 2872 Civ.
1461 2839 1496 2878 4,
1523 2843 1603 2871 ιω.

1751 876 1772 1001 ³
