1799 3251
545 143 1044 188 oc'rsv1usj
1395 141 1493 185 343

95 274 295 318 tionibus
317 269 522 329 jecinore
548 268 741 324 vitiato,
779 270 833 311 ad
864 269 1228 328 desperationem
1259 269 1485 325 redactus,

96 340 376 386 contrariam
399 347 443 381 et
463 337 715 397 ancipitem
738 338 967 381 rationem
987 340 1200 381 medendi
1224 339 1484 382 necessario

93 411 258 466 subiit,
305 407 411 466 quia
447 406 593 450 calida
628 408 831 450 fomenta
864 422 957 449 non
989 409 1267 464 proderant,
1303 407 1486 463 frigidis

91 478 240 522 curari
257 485 477 533 -coactus,
516 484 702 521 auctore
725 475 935 519 Antonio
964 476 1113 519 Musa.
1185 477 1414 528 Quasdam
1441 484 1487 519 et

90 547 450 602 anniversarias,
500 560 553 589 ac
581 554 792 603 tempore
824 552 951 587 certo
988 555 1300 601 recurrentes,
1341 561 1486 603 expe-

88 616 308 660 riebatur.
377 615 500 657 Nam
521 615 603 658 sub
627 614 825 657 natalem
848 629 980 656 suum
999 613 1273 671 plerumque
1300 615 1486 670 langue-

87 686 190 729 bat:
228 692 271 730 et
294 685 427 728 initio
451 684 571 728 veris
594 683 975 742 praecordiorum
1008 682 1245 726 inflatione
1280 683 1487 726 tentaba-

89 763 194 810 tur,
233 754 446 797 austrinis
469 762 622 796 autem
647 751 994 811 tempestatibus
1026 751 1288 808 gravedine.
1361 751 1486 803 Qua-

88 839 140 867 re
161 832 367 880 quassato
394 838 617 879 corpore,
655 836 806 878 neque
839 820 1019 877 frigora
1057 834 1206 876 neque
1244 827 1390 863 aestus
1422 819 1484 862 fa-

89 892 176 935 cile
199 892 436 934 tolerabat.
478 885 591 955 [82]
626 890 796 933 Hieme
820 888 1053 947 quaternis
1076 903 1183 931 cum
1216 888 1379 947 pingui
1418 896 1487 929 to-

87 977 142 1018 ga
167 961 360 1018 tunicis,
397 969 442 1003 et
465 960 688 1004 subucula
711 968 756 1002 et
779 958 968 1002 thorace
990 959 1124 1000 laneo
1139 989 1152 1014 ,
1190 966 1236 1000 et
1257 957 1488 1000 feminali-

85 1031 197 1087 bus,
247 1038 292 1074 et
325 1028 562 1073 tibialibus
596 1028 916 1072 muniebatur:
955 1035 1124 1072 aestate
1155 1026 1328 1084 apertis
1362 1026 1488 1069 cubi-

89 1100 184 1141 culi
213 1099 414 1153 foribus,
453 1114 506 1141 ac
527 1112 663 1156 saepe
688 1097 735 1140 in
757 1096 1006 1156 peristylio
1031 1096 1220 1138 saliente
1245 1111 1386 1153 aqua,
1425 1102 1490 1136 at-

88 1183 175 1226 que
198 1168 335 1211 etiam
357 1168 610 1210 ventilante
637 1166 793 1224 aliquo
810 1198 825 1220 ,
863 1165 1070 1208 cubabat.
1141 1164 1260 1206 Solis
1285 1180 1395 1207 vero
1430 1180 1490 1206 ne

89 1237 276 1280 hiberni
307 1236 491 1293 quidem
521 1235 729 1294 patienS,
768 1234 896 1278 domi
922 1249 1106 1292 quoque
1133 1249 1225 1277 non
1249 1233 1339 1276 nisi
1362 1240 1489 1292 peta-

86 1315 208 1350 satus
231 1305 313 1347 sub
335 1305 443 1347 divo
467 1304 766 1362 spatiabatur.
836 1303 1012 1347 Itinera
1037 1303 1226 1360 lectica,
1265 1311 1309 1345 et
1339 1302 1489 1344 nocti-

85 1375 169 1418 bus
204 1373 325 1429 fere,
373 1388 515 1429 eaque
553 1373 673 1414 lenta
706 1386 759 1414 ac
793 1372 968 1415 minuta
1005 1372 1225 1428 faciebat,
1272 1379 1322 1414 ut
1347 1371 1487 1414 Prae-

86 1451 213 1488 neste
236 1442 310 1486 vel
335 1441 495 1499 Tibur
516 1441 658 1483 biduo
687 1440 974 1499 procederet.
1046 1439 1149 1497 Ac,
1182 1439 1221 1482 si
1254 1455 1345 1496 quo
1381 1456 1488 1498 per-

86 1511 247 1556 venire
282 1510 399 1552 mari
433 1518 614 1567 posset,
651 1509 807 1567 potius
840 1507 1102 1564 navigabat.
1172 1508 1355 1552 Verum
1387 1517 1490 1550 tan-

88 1589 183 1627 tam
210 1579 526 1622 infirmitatem
551 1593 716 1633 magna
751 1592 862 1619 cura
901 1576 1142 1633 tuebatur,
1175 1576 1392 1634 inprimis
1425 1577 1489 1618 la-

85 1649 225 1694 vandi
248 1648 449 1690 raritate.
521 1646 798 1704 Ungebatur
821 1644 943 1688 enim
968 1646 1147 1704 saepius
1164 1678 1177 1702 ,
1215 1653 1260 1687 et
1295 1646 1489 1688 sudabat

87 1719 143 1762 ad
165 1719 423 1761 flammam:
459 1716 624 1759 deinde
645 1712 1012 1774 Perfundebatur
1031 1715 1208 1771 egelida
1231 1729 1350 1772 aqua
1365 1747 1378 1772 ,
1414 1715 1488 1759 vel

84 1789 182 1832 sole
216 1787 368 1829 multo
399 1785 630 1829 calefacta.
700 1782 793 1841 At,
844 1782 1025 1841 quoties
1066 1798 1315 1828 nervorum
1354 1799 1488 1828 causa

84 1966 264 1999 medicina
295 1959 403 2009 gravi
435 1956 606 2008 periculo
636 1959 866 1993 exemtum“
908 1958 1124 2005 Augustum
1153 1956 1199 1992 ab
1228 1957 1315 1994 Ant.
1350 1969 1487 1996 narrat.

83 2019 402 2058 Destillatt'om'hus
427 2015 530 2051 edidi
555 2028 643 2051 cum
665 2014 865 2057 Oudend„
904 2027 983 2050 non
1013 2015 1140 2049 distill.
1200 2013 1266 2049 Est
1291 2014 1394 2050 enim
1420 2017 1490 2051 Gr.

82 2076 290 2124 κατᾶῥρους.
339 2077 560 2111 Gravedines
582 2074 910 2121 destillationesque
925 2070 1124 2118 conjungit
1146 2072 1259 2107 etiam
1281 2071 1372 2108 Cels.
1392 2086 1424 2116 1,
1453 2082 1490 2110 2.

179 2149 257 2168 cum
280 2135 414 2181 pingui
435 2134 540 2181 toga]
589 2131 616 2166 i.
638 2144 669 2166 e.
687 2143 828 2172 crassa,
855 2130 971 2175 παχεῖ
988 2128 1131 2176 ἱματίῳ.
1185 2132 1350 2166 Juvenal.
1367 2143 1399 2179 9,
1429 2132 1487 2167 28.

78 2195 238 2241 pingues
261 2192 428 2224 lacernas
457 2187 544 2233 (ubi
563 2201 600 2223 v.
618 2190 807 2236 Rupert.).
846 2188 1015 2222 Martial.
1035 2194 1069 2230 4,
1096 2199 1148 2235 ¹9²
1172 2199 1204 2220 1.
1228 2187 1491 2236 „Sequanicae

76 2252 252 2297 pinguem
271 2246 438 2282 textricis
455 2248 643 2280 alumnam
655 2248 676 2267 “
705 2244 820 2287 dicit,
845 2243 909 2278 hic
927 2243 1040 2278 etiam
1061 2244 1095 2288 6,
1126 2255 1182 2287 ιι,
1212 2253 1248 2288 7.
1283 2270 1308 2288 „
1325 2257 1387 2279 me
1399 2248 1491 2291 pin-

81 2310 168 2356 guis
187 2302 305 2339 Gallia
325 2302 450 2338 vestit.
464 2305 490 2321 “

177 2363 350 2398 subucula
380 2370 415 2395 et
442 2363 587 2395 thorace
616 2360 734 2406 laneo]
795 2360 902 2394 Hanc
917 2368 1090 2394 veterum
1109 2357 1191 2393 edd.
1213 2356 1415 2393 lectionem
1434 2370 1489 2392 re·

87 2430 186 2457 ctam
206 2417 395 2465 judicavit
413 2421 566 2452 Fertur.
597 2415 640 2449 de
667 2429 708 2451 re
732 2416 881 2451 vestiar.
907 2424 940 2460 3,
970 2424 1005 2458 3.
1038 2414 1168 2460 (Thes.
1189 2416 1322 2450 Graev.
1357 2416 1402 2451 Τ.
1421 2415 1488 2452 VI.

86 2490 127 2526 p.
144 2476 245 2524 729.)
260 2501 270 2518 ‚
299 2473 420 2510 edidit
435 2476 645 2509 Burmann.
694 2471 810 2520 Vulg.
829 2473 1025 2508 Subuculae
1047 2475 1195 2508 thorace
1219 2473 1335 2507 laneo.
1385 2471 1490 2517 Quid

87 2534 122 2570 si
143 2532 285 2569 excidit
299 2534 398 2575 loeo,
424 2541 467 2567 ut
484 2545 503 2566 a
519 2530 642 2579 prima
661 2542 777 2565 manu
795 2540 906 2566 esset:
948 2539 984 2566 et
1018 2530 1212 2565 subuculae
1236 2530 1311 2563 loco
1343 2532 1490 2566 thorace

86 2593 202 2627 laneo.
249 2589 328 2630 Vix
354 2587 458 2625 enim
486 2584 688 2630 credibile,
721 2596 781 2622 tot
812 2586 1037 2624 vestimenta
1064 2586 1342 2635 superinduisse
1359 2587 1488 2633 Augu·

89 2657 203 2685 Sulm-

176 2705 382 2751 peristylio]
422 2709 552 2749 xyst0,
584 2712 605 2734 a
633 2699 897 2737 columnarum
924 2700 1124 2737 ordinibus
1149 2700 1202 2736 ita
1230 2699 1345 2737 dicto.
1375 2712 1413 2735 v.
1442 2697 1489 2735 ad

94 2771 220 2798 totum
242 2759 316 2799 hoc
335 2769 445 2807 caput
466 2755 624 2794 casaub.

187 2818 332 2867 egelida
349 2818 466 2865 aqua]
491 2828 528 2852 v.
552 2815 643 2853 Cels.
663 2821 698 2858 4,
721 2819 778 2858 24.
801 2812 996 2854 laudatum
1018 2827 1038 2852 a
1057 2813 1216 2854 Caaaub.
