1799 3251
405 541 1251 606 PRAEFATIO.

120 818 494 911 Fleischerus,
533 851 677 912 cujus
717 855 992 919 singularia
1033 854 1094 902 de
1129 853 1291 902 literis
1323 866 1371 902 et
1402 855 1524 902 soli-

121 935 259 982 diori
298 935 523 983 maxime
553 936 840 982 eruditione
872 937 1048 983 merita
1097 952 1276 982 omnes
1318 948 1529 992 norunt,

121 1020 279 1069 quum
315 1018 430 1051 ante
462 1005 769 1061 triennium,
807 1007 1083 1069 plerosque
1123 1018 1387 1051 auctorum
1425 1009 1526 1052 Ro-

118 1090 420 1131 manorum,
469 1074 556 1137 qui
588 1075 642 1121 in
674 1075 863 1121 scholis
901 1075 1001 1140 legi
1035 1075 1227 1134 solent,
1279 1077 1526 1120 continua

120 1143 248 1192 serie
279 1142 461 1189 edendi
500 1144 777 1190 consilium
814 1145 1048 1206 cepisset,
1106 1156 1253 1206 atque
1299 1144 1367 1189 ita
1414 1143 1526 1205 qui-

118 1212 260 1268 dem,
301 1224 383 1268 ut,
418 1224 558 1259 textu
591 1213 652 1259 ad
685 1213 903 1275 optimas
939 1213 1187 1259 editiones
1220 1214 1300 1258 vel
1324 1213 1522 1258 reddito

114 1283 196 1330 vel
231 1282 510 1328 accuratius
545 1283 854 1338 constituto,
902 1283 1067 1330 brevis
1102 1283 1367 1328 annotatio
1402 1282 1521 1328 sub-

115 1349 375 1411 jiceretur,
428 1368 554 1414 quae
586 1352 969 1399 accommodata
1010 1352 1071 1399 ad
1117 1352 1522 1398 adolescentulo·

115 1437 230 1467 rum
260 1421 495 1484 ingenia,
531 1423 882 1476 removendis,
922 1438 1048 1485 quae
1075 1421 1400 1485 gravissimae
1433 1436 1519 1467 eos

115 1488 432 1552 impediunt,
479 1489 868 1538 difficultatibus
902 1491 1178 1546 sufficeret,
1223 1491 1369 1553 eique
1401 1506 1520 1551 ope-

114 1575 198 1605 rae
230 1559 369 1604 viros
403 1561 623 1606 maxime
665 1560 980 1608 adhibendos
1025 1557 1276 1614 duxisset,
1338 1560 1425 1621 qui
1463 1559 1521 1606 in

114 1627 357 1690 publica
342 1631 623 1686 juventutis
646 1629 976 1677 institutione
996 1630 1202 1685 versati,
1243 1628 1363 1690 quid
1398 1644 1522 1674 con-

118 1697 325 1742 duceret
348 1696 428 1742 illi
452 1698 626 1754 aetati,
669 1699 966 1760 quotidiana
992 1698 1299 1759 experientia
1332 1696 1522 1740 discere

116 1764 268 1812 :facile
303 1764 619 1824 potuissent3
676 1784 802 1824 quae
834 1767 914 1810 illi
947 1780 1019 1810 est
1048 1765 1151 1810 fere
1188 1765 1421 1810 translata
1461 1765 1520 1810 ab

113 1831 380 1882 Erfurdtio
404 1831 662 1893 quondam
694 1844 875 1878 nostro
914 1849 1026 1896 erga
1064 1849 1144 1877 me
1182 1832 1428 1887 amicitia,
1467 1845 1523 1878 ut

115 1902 179 1948 ad
213 1917 344 1956 rem,
385 1898 528 1957 cujus
565 1917 674 1946 non
712 1901 952 1964 exiguam
983 1912 1203 1963 speraret
1237 1902 1522 1957 utilitatem,

113 1970 217 2017 mei
237 1969 431 2031 aliquid
453 1969 639 2015 laboris
663 1969 970 2025 conferrem,
1005 1970 1229 2033 benigno
1257 1970 1316 2015 de
1339 1971 1520 2017 studiis

114 2040 244 2088 meis
267 2038 463 2096 judicio
487 2039 809 2086 desiderabat.
883 2045 947 2087 Et
982 2057 1139 2102 quum
1177 2039 1421 2103 eligendi,
1464 2040 1521 2086 in

116 2125 220 2172 quo
248 2109 581 2163 elaborarem,
619 2109 841 2155 auctoris
866 2109 1013 2172 copia
1038 2109 1201 2155 adhuc
1227 2122 1519 2170 superesset,

112 2178 303 2225 'incidit
324 2177 492 2223 statim
524 2178 724 2224 animus
749 2179 804 2223 in
826 2178 1154 2234 Suetonium,
1196 2190 1250 2224 ut
1277 2195 1426 2240 quem
1454 2179 1519 2224 ob

123 2258 438 2295 contractam
462 2264 485 2292 a
511 2249 681 2309 pueris
717 2247 1134 2303 familiaritatem,
1171 2249 1520 2294 continuatam

111 2334 205 2381 >per
268 2318 436 2378 plures
493 2333 654 2364 annos
711 2318 971 2379 publicam
1027 2317 1521 2378 interpretationem,

116 2385 455 2447 multiplicem
498 2385 739 2449 denique,
802 2403 951 2450 quam
998 2386 1371 2432 eruditissimus
1402 2387 1522 2432 scri-
1556 2425 1558 2428 .

115 2468 235 2518 ptor
269 2453 581 2516 suppeditat,
633 2457 890 2503 materiam
921 2455 1219 2516 jamdudum
1254 2455 1522 2502 intentiori

119 2524 294 2572 studio
345 2525 784 2581 commendatum,
845 2525 1043 2573 futurae
1087 2525 1219 2570 vitae
1261 2524 1522 2570 laboribus

118 2593 319 2656 saepius
347 2593 688 2641 destinassem.
744 2601 920 2658 Neque
945 2593 1270 2658 ignorabam,
1309 2610 1434 2656 quae
1456 2594 1522 2639 ob

118 2679 180 2709 eo
217 2663 422 2724 incepto
458 2664 728 2710 absterrere
761 2682 840 2711 me
875 2676 1084 2727 possent
1118 2661 1366 2715 rationes3
1415 2663 1522 2708 imo

116 2732 438 2794 reputabam,
482 2746 605 2796 quot
634 2746 679 2779 et
706 2737 876 2795 quales
899 2733 995 2779 viri
1019 2731 1357 2778 eruditionem
1383 2748 1527 2778 suam

120 2801 181 2848 in
213 2802 581 2852 recensendum
612 2804 1070 2866 explicandumque
1100 2803 1238 2848 hunc
1273 2816 1531 2848 auctorem
