1799 3251
522 142 1021 198 ocrsstthS.
1373 152 1477 208 351}

60 282 108 324 id
133 291 223 338 est,
260 273 514 324 formulam
540 280 861 339 rationemque
883 279 1117 326 scribendi
1149 298 1173 327 a
1207 281 1476 340 grammatiu·

61 351 126 394 cis
145 349 432 405 institutam,
470 365 563 392 non
587 352 699 394 adeo
727 352 972 397 custodiit:
1011 367 1063 395 ac
1093 352 1281 397 videtur
1311 360 1476 396 eorum

0 474 1 480 ἵ
58 421 211 479 potius
232 419 361 475 sequi
382 419 653 477 opinionem
669 453 683 478 ,
731 421 808 479 qui
835 421 1030 479 perinde
1050 421 1376 476 scribendum,
1420 436 1476 465 ac

8 2849 15 2949 Ξ

0 2955 17 3123 Ξ

0 3136 18 3251 Ξ

58 490 327 546 loquamur,
369 489 652 534 existiment.
723 491 846 533 Nam
879 492 1000 548 quod
1024 507 1161 550 saepe
1192 508 1287 535 non
1318 490 1476 535 literas

56 559 218 613 modo,
254 559 333 601 sed
353 559 567 617 syllabas,
607 568 684 604 aut
707 568 942 619 permutat
967 568 1044 604 aut
1066 562 1310 620 praeterit,
1350 576 1476 604 com-

57 627 210 671 munis
256 628 501 672 hominum
540 646 672 673 error
706 639 786 673 est.
887 630 990 673 Nec
1031 646 1114 688 ego
1151 630 1199 673 id
1241 639 1473 689 notarem,

56 698 147 741 nisi
181 698 302 740 mihi
330 698 501 742 mirum
538 700 805 753 videretur,
861 699 1108 744 tradidisse
1145 700 1351 758 aliquos,
1410 701 1478 744 le·-

57 776 166 825 gato
199 783 305 811 eum
337 769 573 812 consulari
613 784 925 813 successorem
961 769 1168 823 dedisse,
1206 779 1259 813 ut
1290 769 1394 813 rudi
1432 777 1478 814 et

57 837 273 894 indocto,
312 839 438 894 cujus
463 855 605 882 manu
639 840 712 882 ixi
743 854 832 898 pro
867 839 963 897 ipsi
999 834 1232 898 scriptum
1271 839 1478 882 animad-

57 907 267 952 verterit.
340 907 533 961 Quoties
562 918 711 952 autem
734 924 821 968 per
852 916 982 952 notas
1018 907 1209 966 scribit,
1248 908 1274 951 b
1309 925 1397 968 pro
1430 924 1477 966 a,

57 992 83 1020 c
112 993 200 1036 pro
229 976 283 1030 b,
324 993 374 1020 ac
407 978 626 1037 deinceps
661 979 820 1022 eadem
858 977 1066 1035 ratione,
1105 985 1345 1036 sequentes
1375 978 1479 1021 lite-

57 1061 133 1090 ras
156 1047 319 1106 ponit3
353 1064 441 1107 pro
467 1065 498 1090 x
526 1056 680 1091 autem
716 1048 895 1108 duplex
929 1063 970 1090 a.
1012 1041 1126 1113 [89]
1167 1048 1241 1091 Ne
1276 1047 1482 1090 Graeca-

56 1132 165 1160 rum
192 1117 376 1174 quidem
413 1116 769 1176 disciplinarum
801 1118 979 1162 leviore
1013 1118 1167 1161 studio
1202 1118 1480 1161 tenebatur:

57 1185 108 1229 in
133 1186 298 1243 quibus
315 1196 366 1230 <et
391 1186 504 1246 ipsis
530 1189 791 1246 praestabat
812 1186 1034 1246 largiter,
1071 1187 1294 1246 magistro
1323 1187 1481 1231 dicen-

57 1255 106 1299 di
131 1271 238 1300 usus
266 1256 565 1315 Apollodoro
590 1258 882 1316 Pergameno
896 1291 914 1313 2
952 1272 1088 1316 quem
1122 1259 1218 1315 jam
1252 1258 1478 1316 grandem

149 1411 192 1443 id
209 1416 265 1443 est
285 1426 331 1435 -
350 1409 580 1450 institutam]
629 1408 716 1444 Hoc
733 1410 1056 1455 additamentum,
1082 1411 1286 1459 glossatori
1304 1425 1324 1447 a
1343 1412 1479 1449 Burm-

60 1465 255 1502 tributum
268 1490 278 1507 ,
304 1464 476 1500 vindicat
495 1466 664 1508 Ernest.,
695 1464 746 1500 ob
767 1467 977 1512 majorem,
1002 1480 1120 1516 quam
1142 1481 1236 1516 quae
1254 1467 1481 1516 glossatori·

62 1521 263 1565 videatur,
290 1520 537 1570 elegantiam,
564 1521 698 1556 deinde
721 1523 826 1570 quod
846 1536 925 1559 non
944 1525 1140 1573 quamvis,
1167 1525 1230 1560 ned
1249 1538 1268 1560 a
1292 1538 1481 1574 gramma-

6 1582 7 1586 ’
61 1579 149 1616 ticis
184 1578 342 1613 demum
369 1579 614 1614 constitutam
646 1579 961 1629 orthographiam
988 1581 1282 1630 interpretatur,
1310 1582 1480 1631 adeoque

61 1650 142 1673 non
159 1650 230 1685 pro
253 1637 456 1673 communi
475 1636 600 1685 aliqua
619 1635 861 1682 definitione,
901 1638 1026 1688 quales
1057 1652 1076 1674 e
1103 1639 1277 1688 margine
1303 1653 1481 1677 nonnun-

61 1708 177 1744 quam
197 1695 239 1730 in
263 1704 409 1731 textum
431 1695 681 1742 irrepserunt,
707 1694 926 1732 habendum
952 1707 1024 1740 est,
1054 1696 1217 1745 denique
1242 1699 1347 1747 quod
1373 1698 1480 1734 mori

64 1752 259 1792 Suetonii‘,
286 1752 374 1789 tales
404 1752 672 1802 explicationes
700 1752 882 1798 addendi,
912 1754 1101 1790 convenit.
1150 1755 1254 1789 Idem
1287 1769 1374 1791 cum
1397 1756 1478 1793 Ou-

64 1811 175 1847 dend.
197 1814 356 1847 custodit
374 1825 393 1846 e
413 1810 497 1846 cod.
519 1811 680 1844 Memm.
701 1810 822 1846 edidit
838 1825 909 1861 pro
931 1816 1121 1852 custodiit,
1145 1814 1249 1862 quod
1267 1828 1333 1862 per
1351 1825 1478 1850 totum

64 1880 176 1918 caput
199 1868 386 1918 praesenti
406 1869 529 1904 utitur
546 1878 687 1904 auctor.
738 1867 853 1919 Vulg.
872 1870 966 1906 bene
987 1869 1156 1906 defendit
1179 1873 1360 1907 Waltlzer.
1382 1872 1478 1908 Obs.

63 1942 101 1977 p.
123 1939 179 1974 19.
209 1926 313 1976 quod
333 1940 364 1962 c.
381 1932 440 1971 84.
467 1936 522 1962 est
538 1929 719 1969 exercuit,
746 1939 777 1963 e.
797 1932 858 1971 85·
876 1932 1094 1975 composuit,
1123 1941 1154 1964 c.
1167 1928 1230 1973 36·
1249 1939 1393 1965 secutus
1411 1939 1477 1973 est,

63 1985 259 2035 sequentia
284 1998 304 2020 a
321 1983 467 2020 verbis:
492 1997 538 2018 ac
558 1987 711 2025 videtur,
738 1995 871 2021 auctor
890 1999 934 2020 ex
952 1986 1196 2035 autographis
1214 1988 1338 2030 refert,
1363 1999 1479 2035 quare

65 2043 269 2080 commode
288 2053 458 2092 ternpore
472 2042 657 2091 praesenti
677 2042 811 2077 utitur.
839 2044 938 2078 Ante
954 2044 1087 2080 oculos
1107 2043 1295 2085 enimjina
1314 2044 1479 2081 habebat

63 2102 107 2137 in
130 2101 342 2137 scribendo.
393 2101 448 2134 Ita
469 2112 499 2134 c.
518 2104 582 2143 87·
611 2097 777 2142 „literae
792 2099 913 2149 ipsius
931 2102 1181 2151 autographae
1201 2112 1400 2139 ostentant.
1414 2107 1436 2122 “

160 2162 306 2207 Quoties
325 2172 361 2193 a.
375 2172 445 2205 per
461 2167 568 2193 notas
581 2158 727 2199 scribit]
761 2170 799 2193 v.
817 2157 919 2194 Caes.
943 2159 1002 2204 56.
1052 2164 1126 2196 Dio
1145 2168 1202 2205 51,
1223 2169 1258 2205 5.
1291 2161 1480 2199 ἐπέστελλε

65 2218 103 2254 δὲ
137 2217 198 2252 καὶ
227 2217 367 2259 ἐκείνοις
398 2216 603 2265 (Agrippae
630 2225 667 2251 et
686 2216 912 2261 Maecenati)
945 2218 1005 2255 καὶ
1033 2220 1108 2262 τοῖς
1136 2217 1260 2262 ἄλλοις
1283 2221 1358 2263 τοῖς
1383 2219 1476 2256 πάνυ

64 2277 205 2320 φίλοις,
242 2275 346 2311 ὁπότε
373 2290 408 2309 τι
437 2274 549 2310 δέοιτο
581 2272 624 2310 δι’
655 2273 872 2321 ἆποῤῥὴτων
902 2275 1009 2319 σφίσι
1041 2277 1220 2322 δηλῶσαι,
1244 2277 1286 2313 τὸ
1315 2276 1476 2324 δεύτερον

0 2378 3 2382 ,
65 2333 119 2368 ἀεὶ
141 2334 320 2380 στοιχεῖον
343 2336 407 2368 τοῦ
425 2333 476 2376 τῷ
501 2331 633 2377 <ihs-zara
661 2333 894 2378 προςὴκοντος
925 2330 1002 2369 ἄντ’
1036 2333 1166 2370 ἐκείνου
1194 2334 1477 2382 ἆντεγγρᾶφων.

65 2390 136 2426 ubi
160 2404 200 2428 v.
221 2389 367 2425 Fabric.
390 2406 438 2415 -
491 2391 622 2424 Postea
649 2390 802 2425 restitui
823 2404 893 2438 pro
920 2406 962 2433 x,
996 2392 1102 2440 quod
1133 2405 1262 2428 omnes
1290 2391 1383 2428 libri
1411 2392 1476 2427 ha·

66 2446 182 2491 benc,
211 2459 350 2483 temere
375 2457 568 2482 mutatum
592 2460 612 2481 a
631 2446 856 2484 casaubono
878 2449 920 2484 in
937 2464 1004 2495 pro
1023 2464 1057 2484 5:-
1104 2450 1253 2486 Literas
1272 2449 1374 2484 enim
1395 2463 1420 2496 y
1441 2460 1478 2484 et

66 2519 86 2539 z
107 2519 185 2541 non
204 2519 280 2541 esse
298 2506 476 2548 Latinas,
514 2515 548 2540 et
566 2504 609 2539 in
629 2504 778 2541 Graecis
796 2505 1042 2543 solummodo
1068 2505 1259 2543 adhibitas
1279 2504 1480 2542 vocabulis

66 2561 155 2598 inde
184 2577 205 2598 a
236 2574 404 2611 tempore
437 2563 620 2611 Augusti,
663 2574 763 2599 recte
794 2576 1029 2600 monuerunt
1049 2565 1232 2601 Graevius
1263 2575 1300 2600 et
1327 2564 1479 2600 Ouden-

68 2619 176 2669 dorp.
191 2647 202 2664 ‚
226 2621 295 2669 qui
312 2634 331 2655 a
352 2620 516 2670 genuina
536 2619 697 2655 lectione
712 2633 791 2656 non
809 2633 1050 2658 recesserunt.

161 2679 390 2726 Apollodoro]
440 2680 473 2713 A
499 2680 677 2713 Strabone
696 2678 749 2722 13,
781 2685 815 2722 4,
845 2680 879 2714 3.
910 2680 1009 2715 iuter
1038 2677 1198 2715 celebres
1227 2681 1479 2728 Pergamenos

71 2746 303 2771 memoratur
326 2737 596 2780 Ἀπολλόδωρος
627 2736 645 2772 ὅ
671 2734 806 2783 {ht-we,
834 2738 852 2774 ὅ
882 2738 946 2782 τὰς
974 2737 1108 2783 τέχνας
1133 2736 1380 2784 συγγράψας,
1410 2737 1472 2774 καὶ

4 2815 15 2836 2„
72 2793 134 2835 τὴν
156 2792 454 2840 ’Δπολλοδῶρειον
485 2794 614 2840 αἵρεσιν
643 2795 881 2841 παραγαγών.
903 2813 948 2820 -
997 2794 1174 2830 Μάλιστα
1206 2793 1243 2830 δὲ
1277 2795 1380 2841 ἐξῇρε
1408 2797 1467 2831 τὸν

71 2847 338 2897 ἶΛπϊενλλὸὸυορον
359 2853 378 2898 ἡ
408 2857 470 2889 τοῦ
493 2852 674 2898 Καίσαρος
698 2852 806 2897 φιλία
832 2857 896 2889 τοῦ
922 2853 1132 2898 Σεβαστοῦ,
1160 2852 1370 2888 διδάσκαλον
1401 2856 1470 2888 τῶν
