1799 3251
653 123 1008 158 IULIUS.
1511 133 1537 182 7

130 255 262 286 more
282 247 540 301 prostratae
563 239 663 298 regi
691 240 969 299 pudicitiae:
1008 257 1145 301 quem
1180 258 1420 289 rumorem
1455 261 1534 293 au·

129 311 230 367 xit,
281 311 406 354 intra
436 326 609 370 paucos
640 327 796 354 rursus
823 311 917 355 dies
942 314 1138 372 repetita
1164 313 1408 373 Bithynia,
1446 333 1533 375 per

129 395 315 423 causam
339 380 598 438 exigendae
626 380 879 438 pecuniae,
921 397 1035 439 quae
1069 384 1314 427 deberetur
1347 385 1532 434 cuidam

123 449 373 507 libertino,
419 450 578 494 clienti
621 466 715 492 suo.
808 451 1007 509 Reliqua
1054 453 1223 497 militia
1258 455 1532 501 secundiore

123 518 248 563 fama
275 519 388 576 fuit,
438 529 482 564 et
517 536 542 562 a
578 519 784 562 Thermo
817 520 867 563 in
903 522 1253 580 expugnatione
1276 525 1531 582 Mytilena-

121 604 228 633 rum
263 605 434 633 corona
467 589 614 633 civica
647 590 840 633 donatus
875 599 953 634 est.
1040 588 1118 654 [3]
1168 593 1345 635 Meruit
1379 602 1422 637 et
1446 595 1530 639 sub

121 657 323 702 Servilio
347 659 554 703 Isaurico
577 660 627 703 in
652 659 834 716 Cilicia,
861 661 938 703 sed
967 661 1099 705 brevi
1124 670 1347 720 tempore.
1402 664 1530 709 Nam

119 726 276 771 Sullae
299 739 449 773 morte
473 738 711 790 comperta
726 762 738 786 7
775 729 917 773 simul
938 746 1018 791 spe
1040 747 1190 776 novae
1220 731 1529 793 dissensionis,

114 919 291 963 πειρατῶν
325 928 432 965 sequ.
491 916 553 951 De
575 914 754 963 pudenda
774 917 948 954 Caesaris
969 928 1060 957 cum
1079 915 1298 961 Nicomede
1319 925 1528 954 consuetu·

113 973 207 1008 dine
233 987 272 1009 v.
303 974 404 1009 infra
425 986 456 1008 c.
478 980 542 1022 49.

204 1042 329 1065 rursus
352 1035 542 1077 repetita]
592 1031 768 1068 Illustrat
787 1033 894 1067 hunc
914 1031 1184 1081 pleonazmum
1202 1032 1382 1067 Bromius
1399 1045 1529 1069 exem·

110 1086 190 1135 plia
219 1089 369 1124 cornel.
397 1090 544 1125 Datam.
572 1092 605 1126 6.
634 1090 794 1130 „minus
819 1103 997 1138 prospere
1015 1088 1300 1136 procedebanc“
1336 1099 1373 1126 et
1402 1090 1528 1129 Alcib.

69 1150 71 1153 '
109 1146 145 1180 6.
172 1157 297 1180 rursus
320 1160 520 1182 resacrare.
574 1147 680 1182 Infra
702 1149 822 1183 etiam
851 1148 944 1184 Tib.
970 1150 1029 1192 65.
1073 1146 1194 1183 relata
1213 1160 1348 1184 rursus·
1406 1148 1525 1187 Plura

107 1202 173 1238 dat
186 1203 427 1240 Freinshem.
452 1205 534 1240 ind.
555 1205 667 1241 Flori
686 1208 759 1242 sub
784 1219 824 1242 v.
846 1219 971 1242 rursus
990 1206 1124 1241 redire.

198 1275 265 1307 per
299 1267 476 1309 causam]
526 1264 553 1299 i.
570 1277 602 1301 e.
631 1265 704 1300 sub
725 1265 915 1306 nomine,
963 1263 1035 1299 sub
1063 1272 1290 1313 praetextu,
1326 1263 1520 1312 προφάσει.

103 1329 142 1354 v.
168 1318 253 1356 ind.

197 1376 402 1424 libertino]
450 1378 637 1414 Libertini
661 1389 922 1429 opponuntur
941 1381 1134 1428 ingenui53
1167 1377 1289 1414 iidem
1314 1380 1444 1415 liberti
1464 1380 1525 1416 di-

103 1444 270 1475 cuntur,
305 1435 436 1472 addito
463 1438 626 1473 nomine
652 1451 691 1474 v.
729 1449 905 1487 respectu
933 1437 1238 1477 manumissoris
1278 1450 1307 1473 s.
1348 1439 1522 1485 patroni.

101 1493 165 1528 De
188 1490 264 1528 alia
295 1493 514 1529 multorum
546 1498 737 1533 sententia
765 1510 806 1532 v.
837 1498 885 1532 ad
912 1496 1052 1535 Claud.
1084 1501 1146 1541 24.
1205 1495 1389 1530 Ceterum
1420 1495 1460 1531 h.
1491 1495 1521 1531 1.

101 1562 254 1600 praeter
272 1551 370 1586 alios
393 1552 586 1592 ostendit,
622 1552 743 1589 fuisse
771 1566 1060 1602 nonnunquam
1093 1551 1294 1588 libertinis
1322 1563 1520 1600 patronos

100 1608 201 1644 alios
226 1620 378 1655 praeter
400 1622 512 1649 eum,
540 1610 607 1657 qui
626 1610 847 1647 libertatem
874 1614 1043 1648 dederat.

193 1666 342 1714 reliqua
359 1669 530 1713 militia]
582 1670 640 1702 Ita
663 1680 695 1705 c.
717 1677 751 1712 5.
776 1670 973 1705 tribunatu
993 1669 1071 1704 mil.
1093 1681 1126 1704 c.
1148 1681 1205 1703 u.
1228 1669 1517 1714 proscriptione.

96 1737 137 1762 v.
161 1725 340 1760 Gronov.
363 1724 409 1759 ad
428 1728 518 1762 Liv.
538 1734 575 1770 5.
595 1733 653 1770 54.
683 1735 721 1760 et
743 1726 826 1762 ind.
854 1736 978 1762 nostr.
1012 1727 1085 1761 sub
1105 1732 1158 1763 in.

190 1795 333 1817 corona
354 1786 490 1829 civica]
515 1796 555 1818 v.
575 1783 718 1828 Goll.5‚
737 1784 774 1820 6.
801 1783 903 1820 ΡΙὶιι.
918 1785 966 1820 Η.
981 1783 1034 1820 N.
1057 1784 1110 1823 16,
1127 1788 1166 1829 4,
1178 1784 1213 1819 5.
1243 1783 1342 1820 Voc.
1368 1793 1514 1819 corona

95 1841 174 1878 h.l.
194 1854 213 1875 a
234 1840 436 1875 nonnullis
459 1841 676 1880 omittitur,
702 1850 748 1876 ut
768 1842 936 1889 saepius.
952 1840 1070 1875 -De
1103 1842 1395 1887 expugnatione
1423 1843 1516 1888 My-

96 1899 299 1934 tilenarum
329 1899 402 1944 (sic
429 1898 570 1943 scripsi
594 1898 826 1933 auctoritate
844 1909 1122 1937 nummorum,
1160 1907 1198 1932 et
1229 1899 1512 1945 praeeuntibus

92 1955 246 1993 Duker.
266 1956 314 1991 ad
335 1955 517 2002 Thucyd.
543 1957 576 1995 3,
597 1964 648 1999 5.,
674 1957 792 1991 Voss.
813 1956 861 1990 ad
882 1954 1024 1991 Melam
1046 1965 1082 1995 2,
1102 1965 1153 1999 7.,
1185 1954 1368 1991 Oudend.
1400 1957 1447 1991 ad
1468 1955 1512 1995 h.

91 2014 134 2056 1.,
175 2013 356 2051 Oberlin.
391 2014 438 2048 ad
463 2013 570 2049 Caes.
600 2014 642 2048 B.
665 2014 708 2048 C.
731 2023 768 2058 5,
805 2017 908 2060 102.)
934 2027 975 2050 v.
996 2016 1093 2052 Liv.
1117 2013 1211 2060 epit.
1229 2013 1256 2048 l.
1275 2020 1338 2062 89.
1388 2015 1509 2061 „My-

90 2073 234 2109 tilenae
256 2084 415 2121 quoque
449 2072 491 2105 in
513 2072 627 2111 Auia,
659 2084 757 2120 quae
784 2071 866 2108 sola
910 2072 1004 2107 urbs
1034 2081 1124 2120 poet
1165 2071 1318 2106 victum
1347 2070 1508 2106 Mithri.

89 2133 217 2167 datem
241 2143 346 2165 arma
365 2130 578 2170 retinebat,
609 2140 853 2177 expugnatae
879 2130 1111 2178 dirutaeque
1129 2136 1265 2165 nunt.“
1295 2129 1402 2163 Prius
1425 2129 1505 2174 jam

88 2189 375 2237 Mytilenenses
395 2197 644 2235 superaverat
668 2187 873 2229 Lucullus,
902 2186 1034 2224 Sullae
1054 2187 1221 2234 legatus.
1268 2186 1371 2225 Plut.
1404 2187 1503 2225 Luc.

86 2254 122 2294 4.
155 2248 319 2281 Mortuo
339 2245 500 2280 interim
523 2245 650 2286 Sulla,
676 2246 921 2294 expugnatio
941 2244 1115 2281 absoluta
1134 2254 1200 2281 est.

183 2304 346 2340 Servilio
374 2305 565 2348 Isaurico]
627 2304 698 2351 qui
716 2304 862 2340 Consul
892 2304 1021 2339 fuerat
1054 2315 1141 2338 cum
1176 2302 1303 2350 Appio
1333 2301 1499 2337 claudio

83 2361 226 2398 Puloro
250 2362 294 2397 A.
316 2362 366 2397 U.
391 2362 473 2405 675.
524 2362 692 2408 Appian.
715 2362 804 2398 Civ.
831 2375 862 2401 ι,
887 2364 948 2410 93.
997 2363 1067 2396 Est
1092 2360 1127 2395 is
1150 2363 1188 2396 Ρ.
1214 2361 1353 2396 Servii.
1384 2359 1500 2395 Vatia

83 2421 129 2457 C.
150 2422 190 2456 F.
224 2421 279 2455 M.
313 2420 389 2460 N„
428 2419 498 2467 qui
523 2429 656 2467 postea
688 2419 880 2455 Isauricus
908 2409 1124 2468 appellatus
1157 2429 1234 2457 est.
1271 2428 1379 2466 pater
1402 2418 1497 2463 ejus,

81 2490 260 2527 quocum
278 2478 424 2521 'Caesar
452 2476 700 2512 consulatum
733 2478 852 2525 gessit
881 2479 1007 2514 redux
1036 2490 1085 2513 ex
1117 2477 1323 2525 Hispania.
1364 2478 1408 2512 A.
1444 2475 1494 2511 U.

80 2537 168 2582 706.
191 2550 239 2572 v.
253 2537 298 2571 ad
321 2549 352 2572 c.
373 2544 432 2581 55.

173 2595 276 2629 brevi
296 2597 487 2640 tempore]
538 2596 636 2630 Ante
668 2606 814 2629 annum
843 2605 1023 2630 exactum
1059 2596 1104 2631 A.
1132 2595 1181 2629 U.
1211 2592 1297 2635 676.
1322 2593 1491 2626 Romam

79 2652 213 2693 rediit,
246 2652 301 2687 M.
323 2652 489 2687 Aemilio
510 2651 671 2698 Lepido.
705 2653 751 2700 Q.
780 2654 941 2689 Lutatio
967 2653 1104 2689 Catulo
1124 2652 1206 2688 css.

173 2722 237 2756 spe
254 2722 337 2744 nov.
360 2710 478 2756 Δία-3.]
528 2709 656 2746 Florus
675 2720 710 2755 5,
733 2713 789 2747 23.
842 2712 1049 2759 „Cupidus
1067 2731 1111 2739 —
1132 2722 1262 2745 rerum
1292 2718 1488 2743 novarum

79 2780 148 2808 per
170 2767 421 2803 insolentiam
443 2768 619 2809 Lepidus
638 2778 720 2804 acta
742 2770 843 2805 tanti
862 2770 940 2806 viri
952 2768 1121 2814 (Sullae)
1144 2768 1362 2803 rescindere
1380 2778 1486 2815 para·
