1799 3251
297 130 392 166 xvt
732 109 1268 158 PRAE'FA'rro.

295 243 526 296 Suetonii
553 239 749 302 scriptis
772 238 908 284 idem
930 237 1106 284 eodem
1125 240 1277 286 loco:
1347 276 1376 298 ‚,
1391 240 1605 290 Librum
1623 242 1686 291 de
1746 239 1748 242 ’

296 322 461 363 eram
467 324 643 358 11111613
678 321 723 353 et
748 308 1049 354 Rhetoribus
1088 308 1285 354 contuli
1324 327 1440 371 curn
1475 313 1680 376 antiqua

296 383 541 435 editione,
597 380 655 424 in
694 393 835 436 cujus
879 378 1011 423 calce
1053 379 1300 425 exstabat:
1385 385 1685 444 Impressum
1746 392 1749 423 ὲ

298 453 575 501 Florentiae
628 449 764 509 apud
809 451 1046 494 Sanctum
1096 446 1340 494 Iacobum
1390 451 1449 496 de
1495 453 1680 512 Ripoli.

297 519 881 569 MCCCCLXXVIIL
917 532 1051 562 anno
1082 531 1225 574 173‘3.
1251 533 1422 565 mense
1447 519 1610 580 Aprili
1636 531 1685 566 et

293 589 436 645 Maio
469 588 524 633 111
558 586 677 631 bibl.
713 590 918 631 Senatus
953 585 1286 646 Lipsiensis.“
1366 588 1436 634 Ac
1477 587 1537 633 de
1586 589 1678 634 hac
1740 583 1749 627 ’ἶ

292 659 499 722 quidem
526 655 773 709 editione,
810 654 927 700 satis
962 670 1015 699 ea
1048 666 1170 701 nota
1203 667 1250 700 et
1282 669 1678 704 commemorata
1736 661 1739 663 ’

291 728 442 774 etiam
468 742 491 771 a
523 723 809 785 ssipontinis
831 723 885 768 in
905 722 1089 768 notitia
1107 723 1324 771 literaria
1352 725 1413 771 de
1435 725 1680 776 Suetonio

294 796 594 857 Tranquillo
617 809 727 856 pag.
750 797 905 847 XVI.‚
942 792 1102 837 dicere
1123 808 1232 838 non
1265 793 1456 841 attinet.
1531 793 1684 841 codi-

295 866 367 912 cis
403 877 564 910 autem
605 863 893 907 varietatem
927 861 1149 922 excerpsi
1182 877 1412 919 omnem,
1448 862 1684 926 libroque
1729 888 1731 891 ·

289 932 528 997 praemisi
562 931 695 976 haud
732 942 996 987 mutatam,
1059 942 1114 975 ut
1157 929 1280 976 adeo
1329 931 1684 978 admonitione

289 1020 398 1050 non
425 1016 550 1063 opus
571 1001 657 1056 sit,
697 1001 982 1063 vulgatum,
1012 1015 1038 1046 a
1072 1015 1173 1061 quo
1208 999 1449 1056 discedit,
1485 1006 1682 1048 textum

291 1088 398 1118 esse
421 1068 662 1125 editionis
684 1069 1041 1123 Scriverianae3
1079 1068 1497 1132 transscripsique
1532 1070 1684 1116 etiam

287 1139 577 1195 manifesta,
627 1138 810 1200 quibus
848 1150 1025 1193 scatet,
1073 1137 1230 1193 vitia,
1267 1150 1325 1184 ut
1355 1155 1415 1184 ex
1451 1137 1686 1185 librario·—

285 1228 401 1258 rum
422 1208 673 1268 erroribus
701 1206 1069 1269 depravationis
1094 1206 1347 1270 originem
1374 1219 1422 1253 et
1451 1222 1682 1270 progres-

286 1296 372 1326 sus
398 1280 586 1325 tirones
622 1277 880 1323 discerent.
956 1280 1211 1332 Ceterum,
1249 1276 1338 1338 qui
1378 1276 1679 1340 diligentius

287 1365 396 1394 eam
437 1346 765 1393 collationem
795 1344 1187 1406 comparaverit,
1239 1345 1458 1392 omnino
1497 1361 1682 1406 parum

285 1430 511 1464 accurate
532 1415 821 1470 librarium,
860 1415 1149 1477 quicunque
1170 1413 1264 1475 ille
1281 1413 1461 1471 fuerit,
1497 1415 1554 1460 in
1592 1429 1681 1459 ne-

285 1487 432 1550 gotio
461 1497 711 1531 versatum
739 1483 917 1538 fuisse,
965 1484 1139 1529 multis
1174 1495 1342 1529 tamen
1378 1483 1505 1529 locis
1544 1482 1682 1544 opti-

284 1572 489 1609 morum
511 1553 652 1600 codd
674 1553 947 1598 lectionem
969 1553 1071 1599 isto
1099 1551 1413 1607 confirmari,
1451 1552 1680 1598 nonnul⁴

283 1624 348 1671 lis
398 1623 707 1685 singularem
744 1638 947 1685 quoque
978 1636 1142 1684 neque
1177 1620 1403 1711 ineptam
1435 1620 1681 1676 exhiberi,
1722 1623 1740 1675 ’ᾖ

1715 1685 1743 1700 ..

283 1693 419 1739 anim
430 1692 578 1737 advex
584 1703 666 1736 tet.

388 1757 721 1806 Dicendum
705 1774 807 1813 Jam
839 1758 900 1804 de
931 1758 1327 1814 commentario,
1365 1774 1516 1821 quem
1552 1757 1679 1809 fines

282 1841 425 1876 antea
457 1828 671 1887 scriptos
707 1841 981 1888 egressum,
1019 1830 1126 1886 ipse
1155 1842 1263 1870 non
1297 1827 1492 1888 negavi.
1565 1825 1683 1873 Fuit

284 1911 452 1944 autem
476 1894 604 1941 mihi
630 1895 684 1938 in
710 1893 1016 1938 elaborando
1054 1909 1113 1937 eo
1147 1894 1424 1939 consilium
1459 1895 1585 1949 hoc,
1623 1905 1681 1940 ut
1722 1942 1723 1945 ,

281 1965 516 2026 juvenes,
567 1978 786 2025 quorum
821 1961 1200 2007 institutionem
1236 1961 1455 2008 maxime
1493 1973 1681 2024 spectat

285 2051 442 2096 opus,
482 2045 529 2078 et
550 2041 912 2094 cognosceient
941 2029 1130 2085 fontes,
1170 2046 1195 2075 e
1225 2031 1409 2093 quibus
1446 2031 1677 2094 singulae

283 2116 446 2166 partes
466 2100 727 2152 historiae,
767 2114 918 2160 quam
938 2110 1111 2144 tractat
1135 2100 1434 2154 Suetonius,
1472 2099 1676 2145 uberius

283 2172 387 2235 peti
414 2181 655 2232 possunt,
691 2179 737 2212 et
760 2168 814 2213 in
838 2167 944 2229 ipsa
977 2168 1197 2219 lectione
1230 2170 1310 2214 vel
1342 2168 1562 2229 privata,
1596 2159 1716 2214 vel

282 2241 512 2303 publica,
551 2236 875 2298 comparandi
899 2253 957 2282 su
960 2237 1270 2299 ppiendique
1291 2237 1491 2299 copiam
1526 2236 1678 2282 habe·

283 2322 408 2356 rent.
481 2306 630 2371 Quod
651 2306 786 2351 enim
822 2306 994 2360 multi,
1030 2306 1184 2353 nimis
1221 2306 1290 2352 ita
1320 2305 1559 2368 impediri
1595 2305 1677 2350 de-

283 2378 535 2439 tinerique
582 2375 875 2429 lectionem,
936 2373 1127 2428 dicent,
1179 2375 1239 2420 de
1279 2375 1441 2421 coita
1477 2373 1674 2420 sentio:

285 2465 390 2494 esse
415 2445 617 2509 quidem
637 2445 904 2505 plerosque
928 2443 1192 2505 scriptores
1210 2480 1222 2500 ,
1257 2444 1477 2490 maxime
1515 2441 1676 2486 histo-

283 2516 443 2569 ricos,
482 2515 688 2560 celerius
713 2513 1098 2574 percurrendos,
1134 2529 1197 2558 ne
1233 2514 1310 2559 vel
1346 2527 1512 2557 rerum
1546 2509 1674 2556 ordo

282 2586 443 2632 :nimia
474 2582 705 2629 tarditate
739 2581 982 2627 memoria
1013 2581 1292 2645 legentium
1326 2579 1545 2635 excidat,
1596 2579 1676 2626 vel
1719 2597 1727 2606 ·

289 2653 537 2714 depereat,
586 2650 674 2695 ubi
705 2650 757 2696 in
792 2649 1008 2711 singulis
1045 2648 1312 2704 subsistas,
1351 2665 1531 2712 magna
1562 2662 1674 2709 pars
1720 2703 1727 2708 .

285 2722 424 2774 artis,
461 2736 583 2783 quae
606 2733 678 2765 est
709 2719 761 2763 in
799 2718 1094 2765 continuata
1129 2735 1292 2765 rerum
1329 2717 1671 2769 enarratione;
1709 2735 1712 2739 ·

279 2792 338 2838 in
363 2791 477 2839 aliis
509 2800 680 2837 autem
713 2788 902 2836 diutius
938 2788 1270 2847 morandum,
1308 2787 1398 2852 qui
1429 2783 1674 2851 singuiari

1777 1340 1799 1454 λε’-Ξ
1776 1202 1799 1302 §fle
1774 1057 1799 1164 ‘sin-9¹
1777 649 1799 1026 t=¹‹·l=3*53-=·=‚·³=-E
1778 575 1799 611 S?

1778 303 1790 337 u

1791 301 1799 331 Α

1779 374 1799 540 eamn-fl
