1799 3251
478 137 1039 184 PRAEFATIO]
1349 154 1463 190 xvix

14 292 19 323 ι
55 267 313 322 scribendi
347 266 569 324 ratione,
602 268 885 332 argumenti
915 271 1180 328 varietate,
1216 270 1458 335 ipsisque,

56 342 183 406 (11133
207 340 265 387 ad
303 336 721 401 requiescendum
756 339 898 401 quasi
931 339 1174 396 fixerunt,
1220 341 1458 389 interval·

14 415 21 463 ὲ
53 413 120 460 113
168 408 432 472 amplioris
473 407 905 469 interpretationis
944 421 992 455 et
1023 411 1346 458 occasionem
1375 412 1459 457 de-

53 478 261 535 derunt,
320 491 367 525 et
400 473 675 524 effecerunt
715 477 817 524 fere
849 478 1212 527 necessitatem.
1296 486 1462 544 Atque

50 550 176 598 'tales
200 547 429 612 profecto
456 559 578 594 sunt
600 546 819 594 vitarum
841 548 1136 610 scriptores,
1173 551 1328 613 inque
1351 551 1460 613 pri-

14 650 16 656 ·
50 619 150 669 mis
171 619 472 673 Suetonius,
511 616 600 680 qui
633 632 711 662 res
749 629 910 681 gestas
937 621 1229 674 Caesarum,
1266 633 1326 666 ut
1356 622 1459 681 ple-

12 744 14 750 ,
48 688 225 752 Iisque
253 688 372 734 satis
400 697 573 742 notas,
616 686 907 734 brevissima
939 687 1230 734 narratione
1264 705 1460 735 memo-

50 765 187 811 ‘r'asse
222 769 515 811 contentus,
553 769 780 803 versatur
815 757 1038 802 maxime
1069 757 1122 802 in
1166 757 1455 805 describen-

47 827 130 874 dis
167 828 395 874 moribus
434 826 648 872 illorum
683 839 732 873 et
759 838 1133 888 temporum-et
1164 824 1457 884 hominum,

46 897 107 944 in
149 895 466 944 recensendis
499 895 704 958 publice
748 895 1089 958 privatimque
1137 897 1260 943 actis
1311 911 1462 959 atque.

46 965 324 1022 institutis,
362 966 418 1012 in
437 965 615 1011 multis
641 963 858 1027 denique
884 966 1098 1029 longius
1122 983 1390 1028 exponent·
1380 967 1460 1022 is,

41 1034 176 1115 (11133
202 1053 313 1083 vela
340 1034 552 1082 historia
574 1045 629 1079 ut
653 1033 783 1080 levia
819 1050 1010 1097 suaque
1043 1034 1290 1098 dignitate
1324 1035 1456 1082 infe-

44 1106 182 1153 riora
206 1104 595 1167 praetermittere
619 1103 763 1148 solet.
837 1103 917 1151 Ibi
960 1104 1117 1167 igitur
1153 1107 1313 1151 multa
1344 1121 1462 1167 sup-

43 1174 230 1239 plenda
254 1189 315 1218 ex
336 1171 449 1219 aliis
472 1171 824 1234 scriptoribus,
860 1174 1035 1230 multa,
1070 1191 1195 1236 quae
1224 1175 1283 1221 ad
1306 1177 1459 1239 leges,

43 1244 240 1299 1110133,
287 1242 548 1296 instituta,
591 1253 762 1288 totum
793 1241 928 1289 vitae
963 1259 1124 1308 genus
1159 1245 1301 1290 illius
1347 1243 1459 1290 aevi

42 1310 323 1377 pertinent,
359 1310 564 1357 uberius
585 1312 930 1373 explananda,
962 1314 1253 1374 praesertim
1280 1330 1458 1377 quum,

42 1393 283 1460 oppressa
303 1380 545 1437 libertate,
575 1397 765 1428 novam
789 1381 1009 1428 formam
1031 1383 1319 1444 respublica
1347 1400 1460 1430 non

41 1452 235 1530 inagis,
274 1467 424 1514 quam
446 1450 550 1496 vita
582 1463 629 1497 et
664 1452 842 1515 lingua
868 1455 1223 1500 Romanorum
1259 1454 1460 1500 induis-

41 1523 133 1571 set.
207 1520 509 1582 Praecipuus
535 1533 701 1567 autem
724 1521 779 1568 in
808 1538 862 1567 ea
893 1538 946 1568 re
978 1539 1101 1569 usus
1140 1537 1212 1571 est
1240 1523 1462 1570 Graeco-

41 1599 183 1647 rum,
220 1606 376 1653 quos,
414 1602 637 1646 constat,
671 1608 790 1638 suae
814 1592 954 1655 genti
989 1595 1270 1642 accuratius
1305 1609 1461 1655 expo-

38 1664 184 1713 in'ere,
227 1676 353 1722 quae
376 1660 596 1719 Romani
621 1660 786 1708 levius
808 1672 1050 1725 tangunt,
1092 1663 1272 1709 addere
1306 1663 1461 1708 etiam

38 1730 204 1778 inulta
241 1745 302 1774 ex
337 1729 516 1792 seriori
553 1729 942 1790 compilatione,
983 1748 1115 1794 quae
1147 1732 1290 1793 prior
1327 1743 1460 1777 aetas

38 1801 123 1847 'vel
152 1798 486 1860 ignoraverat,
520 1798 601 1843 vel
626 1798 798 1844 audire
816 1815 925 1844 non
950 1802 1271 1852 sustinuerat,
1310 1815 1458 1860 saepe

38 1869 197 1916 etiam
218 1882 271 1912 ea
294 1863 503 1911 veritate
527 1863 604 1908 uti
626 1875 674 1909 et
697 1864 951 1918 libertate,
989 1883 1142 1928 quam
1183 1880 1322 1913 sueta
1359 1885 1461 1913 ser-

41 1939 182 1986 vitus
208 1946 497 1995 metusque,
544 1933 623 1978 vel
649 1932 878 1979 studium
904 1935 1127 1996 partium
1155 1949 1202 1982 et
1223 1937 1461 1999 propriae

36 2004 208 2073 gentis
236 2002 472 2051 adhibere
497 2013 762 2049 vetuerant
785 2007 1064 2051 Romanos.
1141 2010 1341 2053 Horum
1367 2007 1460 2052 ita—

39 2092 141 2142 que
162 2072 390 2136 scriptis,
431 2070 725 2134 ubicunque
746 2071 996 2120 idoneum
1025 2074 1190 2123 f.uerit
1228 2075 1461 2122 studiose

38 2145 268 2200 collatis,
321 2153 369 2187 et
409 2140 647 2205 longiore
690 2142 1110 2204 interpretatione
1158 2146 1458 2208 plerumque

37 2211 362 2277 supersedere
395 2226 693 2273 possumus,
746 2228 772 2258 a
805 2218 993 2259 Graeco
1026 2213 1264 2267 homine
1305 2232 1458 2277 quem

40 2293 159 2332 ‘ante
200 2282 379 2328 oculos
418 2280 684 2336 habemus,
730 2279 830 2340 jam
880 2282 1128 2336 exhibita,
1175 2284 1459 2346 eodemque

37 2363 271 2425 tempore
300 2366 411 2396 non
447 2350 657 2397 historia
693 2351 879 2406 modo,
920 2352 1169 2400 institutis
1203 2355 1460 2400 moribus-

40 2438 141 2501 que
190 2420 413 2483 antiquis
466 2418 673 2476 iuvenes
730 2421 925 2499 optime
949 2423 1069 2488 ,1ωέ
1081 2440 1296 2479 uemus,
1369 2422 1457 2470 sed

38 2492 307 2554 utriusque
334 2490 484 2536 etiam
515 2488 719 2552 linguae
743 2491 981 2548 scientia,
1023 2492 1170 2546 dum,
1203 2492 1340 2556 quod
1360 2497 1455 2539 La·

38 2563 149 2610 tine
187 2563 350 2625 legere
383 2572 430 2605 et
466 2555 636 2604 esterie
678 2558 982 2616 didicerant,
1026 2566 1214 2608 Graeco
1248 2578 1455 2625 quoque

40 2628 219 2678 habitu
240 2641 581 2692 cognoscent3
622 2628 773 2690 quid,
806 2629 945 2692 quod
977 2631 1039 2676 ad
1077 2631 1275 2677 avidius
1309 2648 1456 2693 expe-

38 2700 247 2756 tendos,
285 2715 412 2762 quos
437 2699 591 2745 semel
621 2711 817 2761 gustare
841 2713 1140 2761 coeperunt,
1178 2700 1347 2747 fontes
1373 2717 1456 2746 ex-

40 2771 339 2825 citabimus3
400 2768 585 2834 quibus
626 2768 774 2817 rebus
810 2769 1031 2829 eveniet,
1078 2782 1159 2825 ut,
1211 2786 1338 2834 quae
1362 2786 1452 2832 per

1103 2870 1167 2902 δί’*
