1799 3251
306 143 404 186 382
689 147 726 178 c.
798 122 1275 176 suE'ron‘11

301 285 438 330 quam
467 264 673 325 plebeja,
708 270 864 305 tamen
888 268 933 303 et
953 259 1055 319 ipsa
1087 260 1339 305 admodum
1373 260 1563 318 floruit5
1598 269 1706 306 octo
1759 274 1761 283 ¹

304 335 646 389 consulatibus,
685 329 885 374 censuris
906 329 1105 387 duabus,
1150 330 1401 389 triumphis
1424 330 1601 388 tribus,
1639 330 1709 374 di-

305 416 481 451 ctatura
508 403 644 446 etiam
671 417 724 444 ac
746 399 1012 458 magisterio
1050 398 1256 457 equitum
1289 399 1545 458 honoratas,
1583 400 1708 443 clara

304 487 349 521 et
382 473 635 531 insignibus
671 470 807 526 viris,
865 484 916 511 ac
949 468 1155 512 maxime
1188 468 1474 526 Salinatore,
1521 470 1708 514 Drusis-

305 561 406 603 que.
500 541 734 583 Salinator
771 539 1007 582 universas
1045 538 1189 581 tribus
1225 539 1273 581 in
1305 555 1495 582 censura
1526 538 1708 583 notavit

302 612 502 669 levitatis
528 611 746 666 nomine,
788 609 933 666 quod,
973 624 1116 664 quum
1139 624 1184 650 se
1217 616 1321 667 post
1358 607 1566 667 priorem
1601 624 1710 652 con-
1770 599 1785 608 '¹

301 685 504 729 sulatum
551 681 695 723 multa
739 678 946 736 irrogata
989 679 1395 733 condemnassent,
1458 676 1710 722 Consulem

300 755 472 798 iterum
520 749 865 804 Censoremque
901 746 1128 790 fecissent.
1229 747 1434 803 Drusus,
1506 747 1710 791 hostium

303 825 419 868 duce
446 822 628 863 Drauso
652 819 861 861 cominus
887 816 1143 872 trucidato,
1190 816 1278 859 sibi
1305 815 1593 875 posterisque
1617 816 1709 860 suis

305 903 561 950 cognomen
594 888 784 931 invenit.
866 885 1092 929 Traditur
1130 885 1267 928 etiam
1306 886 1617 944 Propraetore
1647 902 1707 930 ex

300 959 546 1023 provincia
579 957 732 1000 Gallia
755 955 963 1000 retulisse
988 971 1175 1012 aurum,
1214 954 1474 998 Senonibus
1509 956 1624 999 olim
1657 956 1710 1001 in.

303 1031 543 1075 obsidione
570 1025 794 1086 Capitolii
823 1026 1011 1081 datum,
1048 1040 1161 1082 nee,
1198 1034 1250 1068 ut
1278 1026 1399 1068 tama
1424 1033 1514 1083 est,
1549 1034 1708 1070 extor-

299 1111 400 1145 tum
431 1116 455 1142 a
480 1097 690 1141 Camillo,
763 1095 873 1153 Ejus
914 1094 1144 1153 abnepos,
1183 1091 1242 1137 ob
1285 1094 1508 1139 eximiam
1545 1096 1709 1140 adver-

300 1188 377 1215 sus
395 1167 634 1212 Gracchos
664 1181 855 1225 operam
874 1171 1110 1222 patronus
1126 1164 1329 1207 Senatus
1355 1165 1520 1222 dictus,
1557 1165 1708 1209 filium

298 1239 517 1298 reliquit,
556 1251 693 1293 quem
715 1235 763 1277 in
785 1233 927 1276 simili
951 1233 1232 1276 dissensione
1266 1235 1412 1277 multa
1448 1234 1576 1278 varie
1610 1250 1710 1278 mo-

295 1310 489 1354 lientem
519 1306 700 1350 diversa
725 1303 866 1347 factio
888 1318 974 1362 per
994 1302 1201 1345 fraudem
1222 1302 1470 1346 interemit.
1512 1299 1590 1365 [4]
1619 1304 1707 1346 Pa-

298 1388 371 1423 ter
395 1375 603 1432 Tiberii,
639 1375 867 1427 Quaestor
895 1372 944 1415 C.
973 1371 1194 1428 Caesaris,
1232 1372 1560 1416 Alexandrino
1583 1373 1706 1416 bello

305 1448 439 1491 classi
469 1443 790 1505 praepositus,
828 1440 1087 1501 plurimum
1122 1445 1179 1484 ad
1210 1441 1456 1485 victoriam
1497 1441 1708 1486 contulit.

390 1622 594 1666 Salinator]
638 1618 706 1667 qui
728 1615 872 1655 Consul
899 1616 973 1652 fuit
992 1630 1025 1652 a.
1045 1619 1094 1653 U.
1114 1623 1196 1662 554.
1215 1628 1251 1654 et
1266 1619 1347 1663 546.
1379 1617 1559 1655 Dictator
1576 1631 1608 1654 a.
1627 1618 1708 1661 547.

299 1690 336 1718 et
359 1680 503 1715 Censor
539 1690 570 1711 a.
588 1679 670 1725 549.
700 1689 740 1712 v.
762 1679 847 1711 Liv.
873 1674 1015 1723 passim
1045 1673 1158 1711 libris
1178 1686 1234 1719 27,
1262 1681 1311 1720 28
1327 1686 1362 1712 et
1380 1688 1437 1725 29.
1469 1678 1529 1712 De
1554 1688 1708 1712 censura

299 1738 375 1788 agit
393 1748 450 1786 29,
468 1737 526 1780 37.
549 1735 616 1770 nbi
636 1732 840 1768 Salinatori
859 1732 977 1768 Livio
994 1732 1164 1768 inditum
1184 1746 1396 1782 cognomen
1416 1733 1558 1769 dicitur
1575 1732 1627 1769 ob
1646 1734 1707 1768 in·
1756 1748 1760 1752 “

297 1806 457 1834 ventum
476 1804 625 1828 novum
646 1788 808 1838 vectigal
826 1803 870 1823 ex
888 1792 1028 1824 salaria
1048 1804 1194 1825 armona
1207 1819 1214 1831 ,
1251 1790 1394 1838 populo
1417 1791 1706 1839 gravissimum.

297 1844 451 1891 Postea:
480 1875 506 1892 ,‚
519 1850 575 1886 M.
592 1848 942 1894 Livius—praeter
965 1847 1149 1882 Maeciam
1174 1846 1318 1883 tribum
1331 1872 1342 1888 ,
1366 1861 1460 1896 quae
1478 1860 1514 1884 se
1531 1861 1598 1883 nee
1617 1861 1706 1884 con-

297 1912 527 1952 demnasset,
563 1918 683 1954 neque
710 1903 1005 1939 condemnatum
1033 1915 1098 1940 aut
1118 1905 1323 1941 Consulem
1351 1915 1415 1940 aut
1434 1906 1636 1942 Censorem
1653 1906 1704 1942 fe-

295 1969 425 2010 cisset,
458 1963 643 2014 populum
670 1963 889 1996 Romanum
916 1972 1093 2004 omnem,
1131 1974 1293 2011 quatuor
1315 1974 1349 1998 et
1380 1961 1537 2010 triginta
1567 1961 1705 2005 tribus,

296 2025 457 2063 aerarios
480 2021 657 2069 reliquit,
683 2018 787 2068 quod
808 2029 843 2053 et
862 2019 1103 2054 innocentem
1132 2032 1168 2055 sc
1191 2020 1519 2063 condemnassent,
1553 2031 1589 2056 et
1616 2033 1706 2056 con-

295 2084 514 2119 demnatum
536 2076 743 2113 Consulem
765 2089 801 2113 et
821 2079 1023 2114 Censorem
1046 2078 1240 2122 fecissent,
1275 2090 1394 2126 neque
1427 2076 1585 2113 infitiari
1618 2091 1705 2126 pos·

296 2150 399 2182 sent,
429 2147 493 2173 aut
510 2134 657 2182 judicio
677 2135 810 2179 semel,
835 2147 898 2172 aut
917 2135 1087 2172 comitiis
1106 2134 1165 2171 bis
1187 2149 1207 2171 a
1235 2147 1273 2171 se
1299 2145 1493 2183 peccatum
1523 2139 1644 2177 esses}
1664 2148 1703 2173 v.

296 2200 497 2242 Glandorp.
519 2193 660 2230 Onom.
682 2205 720 2240 p.
743 2201 825 2237 542.

386 2258 476 2300 Ejus
505 2253 676 2298 abnepos]
721 2251 789 2300 qni
815 2249 960 2288 Consul
988 2249 1062 2286 fuit
1087 2264 1118 2284 a.
1136 2249 1217 2293 641.
1245 2260 1281 2285 et
1300 2249 1508 2287 Proconsul
1529 2250 1704 2287 Macedo·

295 2314 381 2351 niae
399 2309 617 2347 Scordiscos
628 2309 809 2344 Thraciae
826 2308 1014 2358 populum
1032 2307 1186 2343 devicit.
1217 2310 1319 2344 Flor.
1340 2317 1376 2352 3,
1405 2316 1438 2352 4,
1464 2316 1499 2353 5.
1524 2321 1564 2344 v.
1587 2307 1633 2344 de
1655 2320 1700 2344 eo

296 2375 387 2408 Em.
406 2367 513 2404 Clav.
534 2366 652 2401 Cicer.
671 2366 717 2401 ad
738 2369 846 2402 Brut.
867 2374 923 2411 23.
945 2378 980 2401 et
999 2367 1078 2403 Off.
1099 2380 1126 2405 1,
1152 2374 1214 2408 50.

380 2428 503 2471 filium
536 2426 696 2471 reliquit]
747 2424 902 2460 Nobilis
929 2424 994 2459 hic
1022 2435 1079 2458 est
1103 2424 1158 2458 M.
1186 2423 1272 2458 Liv.
1299 2424 1468 2467 Drusus,
1494 2423 1702 2461 avunculus

299 2487 355 2521 M.
382 2481 559 2524 Catonis,
593 2481 798 2517 acerrimus
829 2481 1011 2516 inimicus
1042 2482 1088 2528 Q.
1118 2480 1344 2528 Caepionis,
1380 2481 1546 2517 civitatis
1574 2479 1701 2516 Italiae

301 2542 441 2579 dandae
473 2549 625 2582 auctor,
659 2539 880 2575 interfectus
910 2539 1057 2574 tandem
1085 2551 1105 2572 a
1141 2539 1188 2584 Q.
1219 2539 1353 2578 Vario.
1395 2550 1433 2572 ν.
1464 2539 1554 2574 Vell.
1579 2549 1614 2577 2,
1645 2548 1701 2582 15.

299 2613 399 2649 sequ.
428 2608 464 2634 et
491 2609 585 2645 quos
613 2595 708 2632 alios
740 2595 867 2633 laudat
898 2600 1055 2644 Ruperti
1086 2595 1202 2631 tabul.
1235 2595 1424 2645 genealog.
1460 2607 1496 2643 p.
1527 2605 1604 2631 121.
1652 2596 1701 2632 ct.

301 2657 406 2694 Clav.
428 2655 510 2691 Cic.

389 2716 497 2749 classi
516 2713 765 2759 praepositus]
816 2710 912 2747 Bell.
938 2709 1042 2746 Alex.
1064 2717 1121 2754 25.
1149 2736 1174 2754 „
1188 2710 1322 2746 Caesar
1342 2708 1495 2745 classem
1512 2708 1621 2755 jubet
1639 2723 1701 2746 ex-

300 2772 422 2822 pediri
449 2781 556 2818 atque
586 2769 739 2805 instrui.
794 2769 965 2805 Praeficit
994 2769 1086 2804 huic
1111 2766 1312 2803 Tiberium
1331 2767 1578 2803 Neronem.“
1625 2772 1699 2804 Dio

298 2838 356 2875 42,
380 2835 439 2873 4ο.
463 2827 626 2876 Τιβέριος
648 2826 826 2872 Κλαύδιος
845 2829 860 2866 ὁ
882 2825 1007 2872 Νέρων
1028 2826 1061 2870 ἐς
1082 2825 1190 2864 αὐτὸν
1225 2825 1306 2863 τότε
1331 2825 1393 2863 τὸν
1421 2825 1583 2873 ποταμὸν
1605 2827 1699 2874 ,ἂνω
