1799 3251
495 164 1004 199 ocruvrus.
1359 157 1457 220 367

43 287 181 332 minis
201 300 262 328 ex
295 281 604 342 inscriptione
642 290 818 327 statuae
851 283 946 340 ejus
980 283 1136 343 prima
1167 283 1370 329 nominis
1403 283 1460 327 li-

44 367 141 402 tera
177 353 374 398 effluxit.
467 351 767 413 Responsum
804 361 897 411 est,
960 363 1146 398 centum
1191 356 1312 398 solos
1361 355 1458 397 dies

41 425 234 487 posthac
260 422 496 467 victurum
515 457 528 478 ,
566 438 703 481 quem
724 438 974 467 numerum
1012 423 1048 466 C
1080 425 1216 468 litera
1250 431 1456 467 notaret:

38 495 366 550 futurumque,
403 501 454 535 ut
474 492 596 535 inter
619 493 744 536 Deos
762 491 1038 548 referretur,
1069 495 1191 550 quod
1217 493 1457 547 AESAR,

38 564 85 607 id
115 570 207 616 est,
242 561 422 619 reliqua
456 579 564 622 pars
593 579 616 606 e
641 561 846 606 Caesaris
880 562 1099 620 nomine,
1136 563 1333 606 Etrusca
1368 563 1458 606 lin-

39 647 128 692 gua
160 632 287 676 Deus
318 641 580 676 vocaretur.
663 632 912 676 Tiberium
945 632 1093 690 igitur
1127 632 1178 675 in
1209 632 1458 691 Illyricum

38 702 325 759 dimissurus,
363 711 410 746 et
431 703 752 747 Beneventum
773 716 916 758 usque
938 710 1287 761 prosecuturus,
1313 718 1458 758 quum

36 771 411 831 interpellatores
433 770 536 816 aliis
564 781 703 830 atque
727 770 829 814 aliis
853 771 999 815 causis
1036 772 1086 814 in
1119 772 1223 828 jure
1257 770 1455 814 diceudo

38 841 322 899 detinerent,
372 842 684 899 exclamavit,
732 841 882 899 (quod
916 849 962 885 et
993 840 1149 900 ipsum
1183 856 1300 884 mox
1334 841 1457 884 inter

36 911 194 956 omina
245 913 442 956 relatum
484 912 589 970 est,)
644 910 784 966 Non,
831 911 875 953 si
916 911 1079 953 omnia
1129 917 1453 967 morarentur,

35 982 244 1040 amplius
272 998 318 1026 se
335 983 538 1041 posthac
561 982 742 1025 Romae
756 981 1013 1040 ficturum.
1092 978 1254 1039 Atque
1286 979 1457 1024 itinere

34 1052 283 1110 inchoato,
318 1051 541 1096 Asturam
563 1051 803 1111 perrexit:
842 1060 888 1094 et
912 1051 1021 1094 inde
1040 1059 1230 1111 praeter
1264 1065 1458 1093 consue-

37 1120 250 1165 tudinem
308 1121 364 1164 de
423 1130 562 1164 nocte
612 1121 672 1164 ad
719 1121 1015 1165 occasionem
1054 1136 1197 1165 aurae
1241 1128 1457 1177 evectuS,

36 1203 223 1235 causam
282 1191 567 1235 valetudinis
629 1189 869 1234 contraxit
929 1205 992 1234 ex
1048 1189 1288 1249 profluvio
1347 1189 1457 1234 alvi.

36 1254 152 1326 [98]
201 1259 338 1305 Tunc
373 1259 660 1320 Campaniae
693 1275 776 1303 ora
809 1258 1138 1320 proximisque
1170 1259 1333 1303 insulis
1367 1262 1458 1303 cir-

36 1331 201 1389 cuitis,
261 1330 550 1391 Caprearum
584 1345 769 1389 quoque
797 1329 997 1376 secessui
1031 1329 1332 1388 quatriduum
1366 1330 1457 1373 im-

33 1401 225 1461 pendit,
259 1400 580 1444 remississimo
603 1400 660 1443 ad
684 1400 831 1444 otium
857 1408 903 1445 et
943 1400 1002 1444 ad
1037 1416 1225 1444 omnem
1262 1399 1457 1443 comita-

28 1479 131 1531 tem
184 1469 352 1513 animo.
441 1469 583 1514 Forte
615 1469 937 1514 Puteolanum
977 1469 1134 1515 sinum
1177 1478 1456 1530 praeterve-

37 1538 183 1595 henti,
220 1548 433 1582 vectores
458 1547 717 1596 nautaeque
742 1539 797 1582 de
819 1540 930 1584 navi
948 1537 1297 1596 Alexandrina,
1338 1555 1456 1596 quae

36 1616 216 1652 tantum
264 1609 388 1666 quod
436 1610 707 1668 appulerat,
773 1608 1005 1652 candidati
1058 1608 1362 1665 coronatique
1407 1614 1454 1651 et

35 1677 175 1722 thura
196 1676 393 1721 libantes
415 1677 564 1721 fausta
584 1677 741 1721 omina
764 1685 809 1721 et
834 1676 1032 1722 eximias
1062 1678 1222 1722 laudes
1259 1693 1449 1735 conges⁴

35 1755 214 1791 serant:
281 1746 372 1791 Per
402 1748 543 1790 illum
577 1763 624 1791 ae
651 1748 834 1792 vivere.-
883 1764 974 1807 per
1011 1748 1154 1790 illum
1190 1749 1450 1806 navigare:

36 1816 256 1862 libertate
280 1824 425 1876 atque
437 1817 662 1877 Jbrtunz's
675 1833 765 1876 per
787 1817 1068 1877 z'llumstuz'.
1141 1817 1246 1871 Qua
1286 1833 1337 1860 re
1372 1818 1452 1860 ad-

34 1887 231 1930 modum
262 1887 553 1931 exhilaratus
577 1888 896 1945 quadragenos
921 1903 1084 1930 aureos
1109 1886 1356 1929 comitibus
1383 1886 1454 1929 di-

35 1956 169 2001 visit:
204 1957 371 2016 jusque
389 1957 641 2018 jurandum
665 1965 710 2000 et
744 1957 1005 2001 cautionem
1042 1956 1201 2015 exegit
1239 1972 1265 1999 a
1295 1956 1453 2015 singu-

34 2026 117 2084 lis,
153 2042 252 2070 non
274 2026 366 2070 alio
388 2028 550 2090 ,datam
572 2042 799 2072 summam
822 2042 961 2086 quam
982 2026 1034 2070 in
1059 2027 1311 2070 emtionem
1334 2025 1453 2082 Ale-3

35 2220 177 2252 nomine
197 2229 277 2253 non
297 2229 374 2254 esse
392 2216 628 2262 insiticium,
658 2227 702 2255 ut
723 2217 1003 2268 Oudendorpio
1029 2217 1185 2268 placuit.
1233 2216 1354 2254 Aes-ar
1380 2217 1450 2254 Ca-

34 2274 226 2312 “sanbonus
247 2274 400 2311 deducit
414 2274 461 2311 ab
485 2272 568 2312 αἶσα
588 2276 709 2312 fatum
733 2277 760 2310 i.
780 2289 809 2311 e.
832 2278 952 2313 Deus.

131 2334 314 2368 Tiberium
346 2351 391 2358 ——
418 2335 644 2382 dimissurus]
715 2334 804 2370 Vell.
832 2343 875 2377 2,
911 2343 991 2378 123.
1033 2333 1201 2378 „Caesar
1236 2334 1450 2383 Augustus.
1503 2383 1506 2386 ι

23 2400 155 2437 ΙΨιωῑ]
189 2389 459 2427 Germanicum
493 2401 670 2439 nepotem
704 2404 837 2435 suurn,
884 2391 1028 2441 reliqua
1069 2390 1163 2427 belli
1197 2401 1447 2439 patraturum,

35 2445 200 2482 misisset
227 2446 268 2481 in
288 2447 555 2488 Germaniam,
591 2448 794 2485 Tiberium
824 2459 948 2484 autem
976 2449 1103 2485 filium
1136 2449 1321 2485 missurus
1355 2458 1448 2484 esset

35 2502 78 2538 in
95 2503 317 2551 Illyricum,
343 2505 388 2540 ad
409 2505 591 2540 firmanda
613 2519 712 2555 pace,
744 2519 836 2554 quae
858 2506 954 2542 bello
977 2506 1193 2556 subegerat,
1219 2517 1448 2554 prosequens

37 2573 143 2604 eum,
170 2561 363 2610 simulque
380 2563 632 2598 interfuturus
661 2563 885 2599 athietarum
915 2565 1116 2600 certamini
1139 2563 1289 2599 ludicro
1305 2589 1315 2606 ,
1342 2562 1448 2611 quod

17 2617 117 2663 -ejus
149 2618 291 2655 honori
319 2631 504 2657 sacratum
546 2633 564 2655 a
591 2620 852 2669 Neapolitanis
888 2633 961 2666 est,
1004 2621 1188 2671 processit
1223 2623 1265 2656 in
1293 2621 1454 2668 Campa-

37 2674 152 2710 niam.
166 2678 191 2697 “

128 2733 318 2783 Asturam]
369 2733 494 2771 Insula
513 2734 588 2771 fuit
605 2734 649 2770 in
668 2735 836 2781 ejusdem
854 2737 1023 2772 nominis
1041 2735 1200 2772 flumine
1217 2735 1259 2770 in
1280 2734 1444 2779 Volscis,

39 2786 108 2822 ubi
126 2791 301 2829 Ciceroni
320 2792 433 2833 villa,
462 2793 560 2828 unde
583 2793 726 2828 factum
749 2804 879 2841 postea
897 2794 1052 2829 videtur
1071 2793 1271 2842 oppidum.
1297 2805 1334 2829 v.
1359 2794 1445 2830 Cel-

32 2847 104 2886 ffir·
130 2849 264 2898 Geogr.
285 2854 373 2888 Ant.
390 2863 424 2894 2,
446 2866 479 2900 9.
510 2864 546 2900 p.
567 2858 654 2899 309.
