1799 3251
517 157 1040 206 '‘T1313n1us.‘
1386 165 1485 211 403

83 299 173 336 est.
230 282 341 355 [18]
380 286 609 331 Proximo
641 305 758 332 anno
798 290 994 350 repetita
1024 290 1301 351 Germania,
1340 309 1483 352 quum

91 360 506 413 animadverteret,
548 358 802 402 Varianam
828 361 1004 402 cladem
1034 362 1290 406 temeritate
1325 372 1371 407 et
1404 380 1484 408 ne-

87 427 309 486 gligentia
347 425 474 468 ducis
508 427 748 484 accidisse,
795 429 911 471 nihil
945 445 1036 472 non
1080 431 1134 473 de
1167 432 1348 475 consilii
1382 449 1483 477 sen-

86 496 230 539 tentia
256 494 361 552 egit.
433 495 627 554 Semper
652 497 761 540 alias
792 497 862 541 sui
900 498 1107 555 arbitrii,
1147 509 1482 559 contentusque

83 579 131 607 se
149 579 269 620 uno,
310 572 418 606 tunc
443 573 626 622 praeter
653 567 1027 609 consuetudinem
1053 583 1158 610 cum
1183 570 1392 626 pluribus
1425 572 1481 613 de

81 633 261 677 ratione
297 633 408 675 belli
448 634 818 677 communicavit.
915 634 1083 678 Curam
1122 652 1306 693 quoque
1340 638 1478 681 solito

78 701 365 744 exactiorem
401 703 642 759 praestitit.
726 703 1020 759 Trajecturus
1061 703 1306 761 Rhenum,
1350 722 1477 749 com-

78 779 279 814 meatum
325 786 533 827 omnem,
600 772 654 815 ad
702 780 874 814 certum
920 772 1170 816 formulam
1220 773 1475 832 astrictum,

76 854 172 883 non
199 847 303 882 ante
324 840 590 897 transmisit,
630 856 765 898 quam
790 840 1039 884 consistens
1066 843 1188 900 apud
1215 843 1365 901 ripam
1393 860 1476 886 ex-

75 909 302 967 plorasset
322 908 644 952 vehiculorum
680 926 845 966 onera,
883 925 940 954 ne
969 926 1058 968 qua
1096 912 1473 969 deportarentur,

76 976 165 1020 nisi
199 991 439 1033 concessa,
478 986 554 1021 aut
588 979 852 1022 necessaria.
926 978 1076 1022 Trans
1101 979 1319 1023 Rhenum
1358 996 1471 1025 vero

74 1061 181 1089 eum
203 1045 326 1089 vitae
348 1046 559 1089 ordinem
585 1048 763 1105 tenuit,
802 1056 851 1090 ut
875 1049 1035 1090 sedens
1056 1049 1107 1090 in
1140 1049 1310 1107 cespite
1348 1051 1471 1093 nudo

72 1114 231 1158 cibum
293 1123 506 1174 caperet,
581 1131 718 1174 saepe
768 1116 865 1159 sine
912 1117 1112 1159 tentorio
1159 1127 1472 1176 pernoctaret,

71 1192 321 1243 praecepta
340 1183 570 1240 sequentis
599 1184 691 1227 diei
715 1185 892 1241 omnia,
940 1192 984 1227 et
1009 1185 1046 1226 si
1068 1185 1178 1242 quid
1201 1187 1339 1229 subiti
1370 1204 1471 1231 mu-

69 1252 194 1297 neris
234 1253 563 1310 injungendum
598 1261 736 1309 esset,
781 1269 867 1311 per
897 1253 1079 1296 libellos
1118 1255 1275 1312 daret,
1315 1256 1472 1300 addita

68 1320 352 1377 monitione,
399 1330 473 1376 ut,
521 1321 575 1363 de
609 1337 698 1378 quo
731 1322 922 1380 quisque
959 1322 1221 1376 dubitaret,
1260 1339 1334 1380 se,
1382 1340 1470 1368 nec·

71 1390 163 1433 alio
185 1390 463 1447 inter-piete,
503 1405 770 1446 quacunque
812 1391 885 1433 vel
918 1391 1067 1434 noctis
1101 1391 1217 1434 hora
1250 1401 1471 1438 uteretur.

75 1455 188 1522 [19]
241 1458 550 1516 Disciplinam
595 1459 819 1501 aceriime
862 1459 1043 1515 exegit,
1104 1460 1469 1505 animadvelsio-

68 1542 181 1570 num
208 1534 251 1568 et
275 1526 635 1583 ignominiaium
658 1527 900 1583 generibus
929 1543 987 1569 ex
1029 1528 1302 1585 antiquitate
1335 1546 1472 1590 repe-

70 1595 193 1651 titis,
232 1603 364 1651 atque
385 1595 520 1636 etiam
550 1595 727 1650 Legato
754 1595 967 1652 legionis,
1008 1597 1130 1653 quod
1163 1613 1333 1655 paucos
1381 1599 1470 1642 nii·

66 1664 173 1708 lites
214 1678 317 1706 cum
354 1663 518 1705 liberto
549 1679 633 1705 suo
661 1672 786 1706 trans
817 1664 966 1722 ripam
1000 1674 1219 1707 venatum
1254 1667 1466 1725 misisset,

66 1731 322 1790 ignominia
359 1740 530 1774 notato.
600 1733 805 1788 Proelia,
853 1734 1058 1790 quamvis
1090 1733 1336 1778 minimum
1371 1736 1468 1779 ἑοῖ·

63 1810 203 1846 tunae
237 1801 502 1857 casibusque
536 1802 849 1859 permitteret,
905 1801 1140 1858 aliquanto
1183 1805 1466 1848 constantius

64 1863 238 1926 inibat,
278 1869 455 1927 quoties
491 1870 764 1913 lucubrante
796 1885 869 1926 se,
906 1871 1060 1913 subito
1097 1887 1150 1913 ac
1187 1873 1316 1915 nullo
1352 1890 1465 1932 pro-

66 1940 296 2000 pellente,
347 1939 577 1981 decideret
608 1939 793 1996 lumen,
840 1947 884 1981 et
919 1940 1315 1998 exstingueretur,
1355 1958 1466 1987 con-

64 2010 235 2064 fidens,
279 2015 328 2050 ut
361 2008 537 2066 ajebat,
586 2017 788 2064 ostento,
835 2008 923 2050 sibi
970 2024 1022 2051 ac
1072 2009 1323 2068 majoribus
1370 2012 1463 2055 suis

63 2078 115 2121 in
141 2077 268 2120 omni
291 2078 460 2120 ducatu
485 2077 822 2136 expertissimo.
893 2076 1010 2132 Sed,
1047 2094 1097 2120 re
1131 2094 1356 2138 prospere
1386 2096 1466 2137 ge·-

63 2155 163 2204 sta,
216 2162 308 2188 non
357 2147 555 2190 multum
591 2145 733 2202 aluit,
795 2145 906 2204 quin
944 2162 969 2189 a
1002 2146 1227 2191 Bructero
1260 2149 1463 2206 quodam

155 2314 309 2356 repetita
336 2310 544 2356 Germania]
595 2309 639 2344 A.
656 2308 737 2351 763.
765 2309 853 2343 Vell.
887 2318 921 2351 2,
946 2318 1022 2344 120.
1048 2312 1122 2344 Dio
1138 2310 1195 2353 56,
1218 2319 1276 2354 23.

156 2370 447 2415 deportarentur]
487 2366 514 2400 i.
533 2379 562 2401 e.
591 2364 753 2400 navibus
787 2364 1057 2411 trajicerentur.
1114 2366 1172 2402 Al.
1193 2371 1462 2414 deponerentur,

61 2425 169 2474 quod
202 2425 410 2474 probarunt
434 2426 566 2459 Burm.
593 2433 627 2457 et
655 2422 865 2461 Ernestius.
898 2422 1201 2471 interpretantes:
1236 2425 1465 2472 deponeren-

61 2491 127 2518 tur
145 2496 163 2517 e
184 2481 367 2518 vehiculis
389 2481 433 2516 ad
458 2479 630 2515 fluminis
648 2479 767 2527 ripam
781 2506 790 2522 ,
815 2490 856 2514 ut
873 2479 1033 2515 navibus
1052 2479 1232 2529 imposita
1253 2482 1462 2518 transvehe-

63 2550 212 2584 rentur,
240 2539 341 2588 quod
365 2537 480 2572 nimis
496 2537 706 2584 quaesitum
725 2535 890 2571 videtur.

157 2601 298 2645 Les-gato
322 2597 490 2645 legionis]
550 2593 683 2642 Legati
713 2593 894 2641 praetorii
922 2591 1083 2640 singulis
1111 2591 1324 2639 legionibus
1358 2608 1462 2643 prae·

65 2663 188 2696 erant,
216 2652 427 2688 consulares
447 2652 538 2688 totis
560 2649 798 2686 exercitibus.
846 2649 1005 2684 Illorum
1029 2649 1117 2684 inde
1137 2663 1156 2684 a
1175 2651 1343 2687 Caesaris
1368 2662 1463 2688 tem·

62 2721 154 2756 pore
172 2709 341 2757 frequens
358 2710 517 2747 mentio.
539 2722 577 2744 v.
597 2710 687 2743 Ern.
707 2707 751 2741 ad
772 2707 810 2742 h.
830 2705 873 2750 l.,
900 2706 1002 2754 Lips.
1021 2707 1062 2740 ad
1088 2711 1173 2742 Tac.
1195 2708 1238 2743 A.
1261 2719 1294 2750 2,
1317 2707 1378 2751 56.

155 2779 180 2800 α
209 2771 396 2811 Bructero]
454 2769 516 2803 De
547 2768 731 2801 Bructeris
763 2777 802 2801 v.
837 2768 925 2799 Tac.
954 2765 1128 2799 Gennan.
1151 2772 1209 2807 55·
1247 2764 1293 2802 cf.
1329 2767 1457 2801 cellar.

66 2823 204 2871 Geogr.
235 2833 307 2860 ant.
323 2833 358 2868 2,
387 2831 423 2869 5.
451 2838 488 2874 p.
507 2825 588 2868 468.
608 2833 644 2859 et
665 2822 743 2871 469.
791 2820 841 2858 N.
863 2819 887 2857 l.
913 2820 1030 2869 vulgo
1059 2834 1083 2858 a
1101 2824 1270 2860 Rutheno
1299 2834 1334 2858 v.
1356 2826 1458 2858 le·
