1799 3251
531 152 1036 188 ocrivtus.
1387 144 1485 206 327

75 272 122 316 la
148 268 335 330 prodita
359 264 573 310 denarios
598 268 873 327 quingentos
909 271 1184 330 accepisset,
1221 286 1354 315 crura
1388 272 1482 316 fre-

75 340 156 399 git.
228 337 556 394 Paedagogum
587 339 914 399 ministrosque
951 341 1048 394 Caji
1081 341 1190 397 filii,
1228 358 1314 400 per
1346 358 1478 385 occa-

73 411 252 455 sionem
278 407 557 451 valetudinis
594 409 848 466 mortisque
886 411 978 467 ejus
1011 413 1208 469 superbe
1250 427 1481 469 avareque

71 478 121 522 in
141 475 389 536 provincia
409 486 658 534 grassatOS,
691 478 887 522 oneratis
921 480 1055 536 gravi
1087 482 1291 539 pondere
1330 482 1480 525 cervi-

71 546 224 601 cibus,
261 546 591 604 praecipitavit
625 548 674 590 in
708 549 897 592 flumen.
952 545 1065 610 [bss]
1108 551 1263 592 Prima
1282 553 1478 608 juventa

71 615 317 661 variorum
343 616 623 660 dedecorum
649 618 886 661 infamiam
908 619 1061 661 subiit.
1134 621 1240 662 sex.
1278 620 1478 679 Pompe-

62 687 138 747 jus
168 693 222 729 ut
255 684 573 729 effeminatum
605 687 855 730 insectatus
898 696 986 730 est:
1033 688 1099 730 M,
1131 689 1365 732 Antonius
1399 691 1477 732 ad-

68 755 311 814 optionem
357 756 574 799 avunculi
617 766 779 815 stupro
823 757 1068 800 meritum:
1139 758 1251 800 item
1284 759 1476 816 Lucius,

68 823 224 870 Marci
246 824 418 881 frater,
457 827 586 882 quasi
622 825 894 884 pudicitiam
929 827 1173 870 delibatam
1209 844 1234 870 a
1262 827 1475 884 Caesare,

66 893 127 939 A.
151 894 291 937 etiam
317 894 477 937 Hirtio
516 895 564 938 in
588 896 817 954 Hispania
842 895 964 937 CCC
989 896 1196 940 millibus
1228 896 1476 940 nummum

66 963 397 1021 substraverit,
434 965 685 1023 solitusque
716 965 776 1009 sit
815 981 948 1008 crura
985 968 1209 1010 suburere
1247 983 1364 1009 nuce
1403 982 1476 1009 ar-

71 1033 227 1090 denti,
273 1050 362 1091 quo
394 1029 594 1077 mollior
624 1035 744 1093 pilus
777 1045 998 1090 surgeret.
1071 1037 1158 1079 Sed
1196 1045 1237 1078 et
1273 1037 1479 1094 populus

71 1105 307 1162 quondam
332 1104 573 1147 universus
599 1105 815 1147 ludorum
839 1105 937 1161 die,
975 1113 1020 1149 et
1045 1106 1225 1164 accepit
1248 1105 1295 1147 in
1321 1113 1483 1149 contu-

66 1173 258 1217 meliam
293 1173 413 1230 erS,
472 1182 517 1216 et
539 1189 733 1235 ⁸assensu
768 1175 978 1217 maximo
1015 1176 1342 1234 comprobavit
1374 1191 1481 1217 ver-

63 1259 191 1300 sum,
225 1243 274 1286 in
305 1257 437 1285 scena
461 1243 850 1301 pronunciatum,
889 1245 944 1287 de
968 1244 1107 1288 Gallo
1132 1245 1293 1288 matris
1319 1243 1477 1288 Deum

67 1312 436 1373 tympanizante,

142 1382 344 1435 Viden',
389 1389 442 1424 at
482 1382 711 1426 cinaedus
745 1381 906 1427 orbem
943 1383 1097 1443 digito
1136 1378 1407 1441 temperat?

69 1448 184 1515 [69]
225 1451 473 1496 Adulteria
496 1451 684 1508 quidem
709 1453 1001 1508 exercuisse,
1038 1469 1095 1497 ne
1122 1454 1260 1497 amici
1283 1453 1476 1511 quidem

156 1652 246 1674 cura
261 1639 400 1688 fregit]
451 1638 566 1687 Vulg.
595 1641 754 1689 effregit.
803 1639 975 1674 Gronov.
998 1647 1034 1673 et
1056 1637 1235 1674 Oudend.
1262 1637 1475 1674 dederunt:

67 1698 247 1733 Thallo—
262 1710 371 1732 crura
389 1698 562 1747 eifregz't‚
589 1696 808 1745 pleonasmo
830 1708 909 1731 non
930 1695 1098 1730 ferendo.
1134 1696 1234 1731 Nam
1247 1696 1415 1744 Aug.94,
1433 1695 1477 1730 in

64 1753 210 1790 verbis:
252 1757 482 1800 „prandenti
500 1773 548 1780 —
566 1754 691 1802 aquila
716 1766 852 1803 panem
877 1757 911 1789 ei
938 1765 1054 1787 manu
1082 1752 1245 1801 rapuit“
1281 1757 1314 1787 ei
1350 1763 1477 1800 posset

62 1811 218 1860 quidem
242 1811 395 1851 omitti,
421 1811 483 1847 sed
502 1824 582 1848 non
609 1824 766 1860 prorsus
799 1821 853 1846 est
881 1823 1170 1858 supervacuum.
1219 1810 1396 1858 Namque
1422 1820 1478 1845 est

62 1873 113 1910 ei,
142 1871 226 1904 dum
249 1869 472 1915 prandebat.
520 1869 674 1905 Domit.
694 1879 730 1913 5.
760 1867 830 1904 ubi
859 1877 932 1903 est:
968 1879 1165 1910 „uxorem
1189 1868 1409 1903 Domitiam
1430 1885 1477 1897 —

62 1929 214 1963 eandem
249 1925 467 1976 repudiavit
480 1927 506 1945 “
537 1940 753 1976 pronomen
786 1929 937 1961 eandem
963 1938 1068 1960 suam
1095 1924 1208 1960 habet
1234 1923 1476 1973 significatio-

62 1998 163 2022 nem.
212 1985 280 2019 Est
299 1984 403 2020 enirn
419 1994 544 2020 tamen
563 1998 652 2026 eam,
682 1983 740 2018 uti
757 1982 980 2031 praecedens
1004 1998 1047 2018 ex
1065 1996 1137 2032 qua
1155 1982 1182 2018 i.
1199 1995 1236 2031 q.
1254 1996 1478 2031 quamquam.

61 2058 106 2080 ex
122 2055 184 2084 ea,
207 2054 321 2090 quam
343 2053 429 2078 voe.
449 2045 545 2077 idem
567 2042 652 2077 vim
672 2040 792 2076 modo
810 2040 956 2076 notavi.

148 2113 313 2157 praecip.
339 2113 379 2145 in
396 2114 556 2159 flumen]
616 2108 785 2146 Illustrat
813 2108 889 2145 hoe
915 2112 1205 2156 κατατοντισμοῧ
1242 2106 1476 2157 supplicium

62 2167 237 2220 pluribus
256 2166 439 2216 exemplis
457 2167 614 2205 casaub.
633 2166 679 2203 ad
699 2167 737 2203 11.
759 2166 786 2203 l.

157 2241 212 2273 M.
229 2239 426 2284 Antonias]
484 2237 560 2271 Cic.
579 2234 679 2271 Phil.
697 2244 732 2279 5,
751 2235 789 2270 6.
826 2261 851 2279 ,,
863 2236 1039 2272 Primum
1060 2236 1102 2271 in
1115 2235 1313 2272 Caesarem
1335 2246 1379 2270 ut
1397 2248 1476 2270 ma·

62 2294 201 2332 ledieta
222 2292 430 2341 congessit,
455 2293 653 2342 depromta
677 2306 724 2328 ex
753 2293 1014 2329 recordatione
1041 2294 1308 2342 impudicitiae
1333 2304 1369 2329 et
1399 2303 1476 2328 stu-

63 2364 225 2404 prorum
246 2362 405 2386 suorum
421 2349 441 2385 ’ἓ
494 2350 589 2397 Quis
610 2350 713 2386 enim
731 2350 807 2386 hoc
827 2351 1057 2388 adolescente
1076 2350 1244 2387 castior?
1284 2351 1369 2400 quis
1391 2362 1475 2386 mo-

65 2407 242 2447 destior‘?
275 2408 380 2456 quod
404 2407 446 2442 in
470 2408 670 2454 juventute
689 2407 870 2445 habemus
892 2408 1076 2445 illustrius
1099 2408 1314 2458 exemplum
1336 2407 1475 2455 veteris

66 2464 305 2504 sanctitatis?
332 2465 417 2514 quis
436 2476 560 2500 autem
580 2463 649 2501 illo
673 2464 859 2502 maledieo
879 2465 1099 2516 impurior?
1117 2470 1139 2487 “

161 2537 307 2579 Viden’,
344 2545 387 2570 ut
405 2552 450 2560 -
468 2538 663 2583 temperat]
715 2538 772 2570 Ita
800 2535 906 2580 dedi,
938 2536 1080 2571 inserto
1109 2544 1171 2577 ut,
1202 2547 1289 2569 cum
1315 2536 1406 2570 Ern.
1438 2543 1476 2569 et

36 2638 37 2641 Ἴ
68 2593 270 2634 Oudend..
295 2606 314 2628 e
338 2593 434 2628 Mss.
483 2594 539 2627 Ita
566 2593 608 2628 in
637 2593 764 2642 primo
792 2593 883 2641 pede
908 2592 1047 2629 senarii
1076 2601 1130 2627 est
1159 2603 1393 2639 anapaestus,
1432 2592 1473 2626 in

69 2661 203 2700 quarto
233 2650 415 2698 dactylus.
484 2650 660 2686 Ceterum
694 2650 919 2697 ambiguitas
946 2660 1000 2685 est
1033 2650 1073 2684 in
1107 2662 1193 2684 voe.
1223 2652 1336 2691 orbis,
1369 2648 1474 2697 quod

72 2718 296 2756 tympanum
323 2706 595 2753 (Tambouret)
625 2705 876 2755 significabat,
905 2720 924 2741 a
945 2706 1052 2742 Gallo
1074 2706 1194 2754 digito
1214 2706 1424 2754 pulsatum,
1455 2719 1476 2741 a

74 2764 218 2814 populo
247 2765 292 2800 ad
319 2765 452 2801 orbem
479 2775 665 2802 terrarum
701 2763 1011 2806 transferebatur,
1059 2764 1121 2800 cui
1157 2763 1253 2799 alius
1289 2763 1475 2805 cinaedus,

76 2824 292 2871 Augustus,
321 2832 500 2872 praeerat.
