1799 3251
287 147 386 205 394
692 139 1295 194 c-s'uz'r0u11

285 284 327 320 et
349 272 476 333 quasi
500 271 828 318 studiosiorem
855 273 1001 334 partis
1025 274 1240 334 alterius,
1291 275 1506 320 convicio
1525 273 1692 320 'inces-

284 353 415 388 seret.
488 342 668 386 Sensim
692 343 846 400 itaque
874 359 1105 401 regressus
1130 346 1337 404 domum,
1372 348 1562 405 repente
1585 360 1692 388 cum
1749 391 1758 404 Ι

285 411 632 473 apparitoribus
655 412 858 471 prodiit,
898 413 1182 472 citatumque
1207 431 1296 475 pro
1321 415 1542 460 tribunali
1579 430 1692 458 voce

283 482 528 545 praeconis
577 482 944 527 conviciatorem
992 484 1094 542 rapi
1144 486 1279 542 jussit
1330 485 1381 529 in
1444 499 1692 528 carcerem.
1730 541 1738 545 -

287 550 533 610 Comperit
553 551 751 606 deinde,
786 552 956 597 Juliam
985 569 1182 598 uxorem
1205 555 1263 598 ob
1304 553 1518 598 libidines
1554 563 1690 612 atque
1746 547 1757 585 ⁵·

288 621 518 668 adulteria
561 622 852 676 damnatam,
901 623 1244 682 repudiumque
1287 624 1329 667 ei
1372 639 1454 667 suo
1486 623 1696 676 nomine,
1734 655 1762 678 '12

285 707 345 735 ex
369 690 641 734 auctoritate
665 691 895 749 Augusti,
933 693 1202 736 remissum:
1240 703 1281 737 et
1311 701 1584 753 quamquam
1603 693 1696 740 lae:

283 770 355 806 tus
378 760 576 818 nuncio,
615 770 772 805 tamen
800 761 942 804 officii
971 762 1134 818 duxit,
1173 772 1395 821 quantum
1420 762 1467 806 in
1493 779 1539 805 se
1563 769 1693 818 esset,

284 846 484 876 exorare
511 831 634 874 filiae
659 839 836 889 patrem
872 832 1189 890 frequentibus
1225 832 1396 889 literis,
1436 842 1484 876 et
1518 833 1593 876 vel
1622 839 1695 874 ut·
1755 862 1765 883 -.

248 916 467 960 >cunque
511 900 733 963 meritae,
795 901 1014 963 quicquid
1060 918 1264 959 unquam
1306 903 1430 946 dono
1477 902 1692 958 dedisset,
1736 932 1739 933 ν

210 1027 213 1032 ι
284 972 558 1014 concedere.
639 970 897 1015 Transacm
949 980 1103 1015 autem
1145 972 1423 1015 tribuniciae
1454 971 1692 1030 potestatis

225 1043 230 1048 “
283 1050 526 1100 tempore,
567 1039 799 1083 confessus
821 1042 1036 1097 tandem,
1074 1041 1193 1084 nihil
1217 1041 1345 1084 aliud
1369 1057 1544 1084 secessu
1569 1040 1698 1084 devi-

281 1119 406 1155 tasse
437 1126 513 1166 se,
554 1126 690 1169 quam
727 1110 1049 1153 aemulationis
1084 1127 1189 1154 cum
1215 1110 1324 1169 Cajo
1346 1111 1589 1169 Lucioque
1623 1127 1697 1154 su-

283 1181 567 1240 spicionem,
602 1179 765 1239 petiit,
804 1188 854 1223 ut
880 1180 966 1221 sibi
1004 1195 1166 1225 securo
1198 1182 1289 1234 jam
1325 1180 1380 1222 ab
1418 1181 1506 1224 hac
1545 1189 1692 1239 parte,

282 1249 600 1293 corroboratis
638 1249 737 1304 his,
774 1257 818 1292 et
847 1250 1099 1293 secundum
1129 1250 1289 1292 locum
1327 1248 1468 1293 facile
1508 1249 1693 1295 tutanti-

281 1320 393 1376 bus,
439 1318 791 1378 permitteretur
819 1318 1021 1362 revisere
1063 1318 1451 1373 necessitudines,
1495 1333 1691 1375 quarum

282 1389 512 1432 desiderio
537 1396 785 1432 teneretur.
856 1387 944 1429 Sed
968 1402 1115 1444 neque
1140 1387 1433 1445 impetravit:
1470 1389 1694 1444 ultroque

280 1458 424 1502 etiam
449 1456 711 1500 admonitus
740 1448 838 1510 est'‚
882 1455 1136 1498 dimitteret
1170 1471 1356 1499 omnem
1397 1471 1555 1500 curam
1588 1473 1693 1499 suo-

282 1543 416 1583 rum,
476 1541 590 1582 quos
626 1533 721 1568 tam
757 1523 924 1582 cupide
955 1523 1227 1580 reliquisset.
1287 1518 1332 1589 [ι
1350 1519 1399 1590 2]
1451 1525 1694 1570 Remansit

282 1612 395 1654 ergo
425 1595 585 1638 Rhodi
611 1602 773 1638 contra
797 1594 1111 1651 voluntatem3
1146 1594 1231 1636 vix
1257 1609 1341 1654 per
1358 1603 1551 1638 matrem
1582 1611 1694 1638 con-

280 1674 494 1719 secutus,
530 1673 582 1710 ut
615 1665 671 1706 ad
706 1663 949 1707 velandam
983 1662 1314 1720 ignominiam,
1354 1665 1480 1723 quasi
1515 1665 1691 1723 legatus

282 1736 338 1781 ab
369 1733 612 1792 Augusto,
652 1733 840 1777 abesset.
914 1733 1172 1777 Enimvero
1199 1742 1310 1777 tunc
1332 1749 1426 1777 non
1452 1734 1694 1794 privatum
1746 1742 1753 1747 ”

279 1806 448 1861 modo,
482 1804 561 1848 sed
585 1802 724 1847 etiam
747 1802 1011 1846 obnoxium
1037 1810 1081 1846 et
1118 1802 1354 1862 trepidum
1391 1805 1510 1861 egit,
1546 1804 1694 1848 medi·
1744 1831 1748 1836 -

279 1873 506 1919 terraneis
529 1872 650 1932 agris
673 1871 879 1927 abditus,
921 1872 1159 1932 vitansque
1183 1874 1691 1932 praeternavigantium

279 1943 460 2001 officia,
505 1942 668 2002 quibus
703 1941 1086 2000 frequentabatur
1120 1942 1324 2001 assidue,
1361 1943 1546 1988 nemine
1583 1959 1688 1987 cum
1752 1982 1754 1984 ,

375 2108 516 2145 Juliam
540 2110 707 2150 uxorem]
746 2119 785 2142 v.
805 2107 905 2155 Aug.
927 2120 959 2142 c.
976 2105 1034 2143 65.

371 2177 596 2221 tutantibus]
621 2175 667 2210 al.
690 2178 915 2211 curantibus.
964 2173 1065 2210 Illud
1087 2185 1247 2212 rectum.
1273 2188 1309 2210 v.
1334 2173 1414 2210 ind.
1433 2172 1475 2210 iu
1497 2177 1606 2211 tueri.

370 2246 515 2294 legatus
534 2246 582 2280 ab
601 2245 717 2295 Aug]
767 2244 884 2279 Abest
911 2245 959 2279 ab
986 2243 1027 2279 in
1059 2242 1142 2279 cod.
1166 2244 1326 2279 Memm.
1358 2243 1538 2291 aliisque,
1563 2253 1600 2278 et
1625 2239 1692 2278 ab·

277 2302 490 2351 jiciendum
503 2302 623 2341 ,duxit
640 2302 753 2337 etiam
778 2301 900 2338 Wolf.
917 2329 927 2346 ,
963 2300 1067 2350 quod
1087 2301 1176 2338 Ner.
1195 2311 1229 2346 3.
1264 2302 1407 2351 legitur
1436 2303 1552 2336 eidem
1571 2304 1693 2337 Anto-

279 2365 339 2399 nio
356 2363 502 2410 legatus
525 2371 561 2396 et
582 2358 712 2400 Vitell.
732 2362 766 2396 5.
791 2362 997 2396 succedenti
1004 2360 1131 2406 fratri
1147 2361 1304 2410 legatus.

371 2428 629 2479 quibusfrequ.
649 2432 814 2472 assidue]
866 2428 902 2463 V
903 2429 960 2463 εΗ.
982 2437 1015 2470 2,
1042 2440 1098 2475 99.
1126 2453 1150 2469 „
1165 2426 1266 2462 Illud
1283 2427 1396 2462 etiam
1419 2426 1461 2463 in
1480 2426 1555 2462 hoe
1574 2435 1691 2462 trans·

279 2501 391 2524 cursu
414 2486 618 2523 dicendum
638 2497 711 2526 ent,
735 2487 786 2522 ita
810 2496 949 2535 septem
974 2497 1090 2521 annos
1111 2483 1175 2529 (ab
1206 2498 1238 2523 a.
1261 2490 1349 2529 748.
1380 2497 1497 2533 usque
1524 2482 1568 2518 ad
1587 2485 1690 2528 755.)

276 2545 409 2581 Rhodi
438 2555 649 2586 moratum,
687 2556 730 2580 ut
760 2557 913 2587 ornnes,
946 2543 1014 2592 qui
1044 2554 1113 2591 pro
1134 2541 1366 2578 Consulibus
1399 2540 1608 2590 legatique,
1648 2540 1692 2576 in

275 2602 542 2638 transmarinas
560 2601 721 2651 profecti
739 2601 974 2651 provincias.
998 2599 1148 2635 visendi
1178 2598 1258 2645 eju·
1284 2597 1401 2647 gratia
1431 2597 1478 2633 ad
1506 2609 1593 2633 eum
1625 2610 1692 2633 ve·

277 2658 443 2702 nientes,
483 2671 630 2709 semper
661 2660 811 2708 privato
844 2659 894 2704 (si
923 2657 989 2693 illa
1023 2657 1196 2702 maiestas
1229 2657 1374 2705 privata
1400 2667 1567 2703 unquam
1594 2653 1692 2701 fuit)

277 2716 391 2752 fasces
417 2729 506 2752 suos
534 2717 820 2756 summiserint.
867 2716 1029 2764 fassique
1057 2715 1154 2757 siut,
1201 2713 1326 2751 otium
1357 2711 1437 2757 eju·
1465 2711 1693 2747 honoratius

277 2771 445 2821 imperio
469 2786 550 2810 suo.
566 2776 590 2794 “
642 2775 730 2810 Cum
748 2778 896 2822 imperio
915 2773 1039 2816 ibant,
1067 2771 1134 2821 qui
1157 2773 1275 2822 legati
1293 2767 1473 2805 dicuntur
1489 2784 1508 2805 ι
1527 2767 1692 2816 Velleio,
1742 2773 1750 2778 “

280 2828 324 2865 in
355 2830 521 2868 caesaris
546 2831 788 2884 provincias,
835 2830 881 2871 ab
910 2830 1045 2867 eodem
1074 2823 1263 2868 missiad
1293 2826 1439 2865 benum
1470 2825 1691 2876 gerendum,
