1799 3251
0 3075 6 3094 κ
0 2994 7 3068 ἶς-σν

544 175 1037 216 ΤιΒΕΒῐυεζ
1391 171 1490 233 379

79 302 298 363 Pyrrho,
334 307 386 343 ut
407 315 577 359 parum
608 301 870 358 salubrem,
907 299 1020 345 iniri
1055 297 1281 345 dissuasit.
1354 298 1495 344 Clau-

81 374 179 417 dius
220 370 416 413 Caudex
451 369 657 429 primus,
705 370 826 413 freto
867 371 1009 414 classe
1040 372 1262 430 trajecto,
1309 370 1494 414 Poenos

82 439 242 484 Si'cilia
281 440 476 499 expulit.
553 439 777 484 Claudius
799 440 931 483 Nero
966 441 1291 484 advenientem
1324 456 1384 484 ex
1407 440 1497 482 Hi-

78 509 241 570 spania
281 525 387 552 cum
425 509 690 567 ingentibus
729 509 875 568 copiis
910 509 1285 567 Hasdrubalem,
1343 510 1497 570 prius·-

78 579 490 638 quamHannibali
508 580 645 624 fratri
671 581 1047 638 conjungeretur,
1086 582 1332 639 oppressit.
1373 580 1498 623 Con-

77 659 151 694 tra
183 648 408 693 Claudius
439 649 631 710 Appius
665 649 962 707 Regilianus,
1019 649 1276 694 Decemvir
1317 650 1499 706 legibus

79 720 366 777 scribendis,
423 721 656 778 virginem
693 721 944 776 ingenuam
984 736 1070 779 per
1101 719 1228 776 vim,
1287 719 1501 763 libidinis

80 790 254 848 gratia,
301 789 350 833 in
383 791 659 836 servitutem
690 804 890 834 asserere
923 797 1140 846 conatus,
1201 805 1337 832 causa
1368 788 1501 848 plebi

80 860 171 903 fuit.
207 861 452 903 secedendi
486 876 647 903 rursus
679 876 701 903 a
736 858 965 902 Patribus.
1040 859 1264 902 Claudius
1299 859 1499 915 Drusus,

81 938 230 974 staina
268 929 354 973 sibi
391 946 497 974 cum
535 930 795 973 diademate
834 929 893 972 ad
926 928 1080 989 Appii
1114 929 1292 974 Forum
1331 928 1501 988 posita,

80 1000 266 1043 Italiam
293 1016 379 1059 per
412 1001 650 1044 clientelas
690 1014 923 1057 occupare
965 999 1181 1045 tentavit.
1280 997 1500 1042 Claudius

81 1069 255 1115 Pulcer
282 1072 406 1131 apud
428 1071 661 1128 Siciliam,
698 1085 797 1113 non
815 1069 1112 1128 pascentibus
1139 1070 1189 1113 in
1215 1068 1501 1128 auspicando

83 1248 220 1284 referri
250 1247 467 1298 placuisset,
497 1246 595 1295 App.
619 1245 820 1291 Claudius,
851 1247 920 1297 qui
944 1256 1100 1296 propter
1126 1245 1385 1283 valetudinem
1413 1259 1505 1283 ocu-

83 1305 213 1342 lorum
238 1307 316 1353 jam
338 1306 407 1341 diu
427 1303 600 1341 consiliis
618 1304 786 1354 publicis
809 1318 846 1341 se
867 1304 1118 1347 abstinuerat,
1145 1303 1253 1340 venit
1272 1304 1314 1339 in
1335 1304 1508 1347 Curiam,

86 1374 124 1399 et
149 1365 332 1400 sententia
362 1378 427 1399 sua
461 1363 604 1406 tenuit,
645 1373 687 1399 ut
717 1363 760 1398 id
787 1363 936 1412 Pyrrho
968 1364 1219 1412 negaretur.“
1248 1362 1296 1399 cf.
1318 1361 1509 1398 Plutarch.

86 1423 222 1470 Pyrrh.
253 1428 300 1466 ¹8
316 1433 352 1457 et
371 1434 426 1470 ¹9·

185 1482 311 1515 Claud.
331 1483 495 1522 Caudex]
545 1479 590 1514 A.
609 1480 658 1514 U.
678 1484 762 1528 490.
799 1480 889 1514 Vell.
911 1488 945 1523 2,
963 1484 1029 1524 58.
1055 1506 1080 1522 ‚,
1093 1478 1245 1515 Primus
1265 1478 1307 1513 in
1333 1477 1508 1514 Siciliam

90 1538 239 1584 trajecit
268 1538 479 1572 exercitum
503 1535 654 1573 Consul
674 1536 868 1572 Claudius.
884 1539 908 1557 “
945 1538 994 1572 cf.
1014 1539 1116 1571 Flor.
1137 1546 1170 1578 2,
1201 1548 1233 1579 2,
1261 1544 1298 1579 5.
1333 1537 1454 1583 Polyb.
1474 1549 1508 1580 ι,

93 1609 146 1632 Π.
179 1599 334 1632 Diodor.
365 1595 500 1643 fragm.
528 1593 556 1628 l.
584 1604 643 1638 23,
673 1605 706 1628 2.
760 1595 988 1642 Cognomen
1015 1594 1285 1641 interpretatur
1312 1598 1434 1629 Senec.
1463 1593 1510 1628 de

90 1653 196 1691 brev.
228 1669 264 1690 v.
300 1663 352 1697 13.
401 1652 534 1699 „Quis
567 1651 752 1687 Romanis
778 1653 927 1698 primus
955 1651 1139 1700 persuasit
1166 1664 1302 1686 navem
1328 1664 1511 1688 conscen-

90 1711 210 1749 dere?
260 1711 443 1750 Claudius
461 1711 494 1746 is
518 1710 612 1750 fuit,
643 1712 792 1745 Caudex
818 1708 869 1744 ob
900 1710 974 1745 hoc
1002 1710 1130 1757 ipsum
1164 1708 1389 1757 appellatus,
1419 1710 1510 1757 quia

88 1771 263 1820 plurium
294 1769 509 1806 tabularum
539 1778 737 1804 contextus
767 1771 909 1803 caudex
937 1767 1036 1816 apud
1067 1766 1245 1814 antiquos
1278 1766 1508 1806 vocabatur;

90 1829 192 1866 unde
219 1827 394 1879 publicae
427 1826 576 1863 tabulae
605 1830 745 1862 codices
772 1827 975 1868 dicuntur,
1008 1835 1045 1859 et
1070 1837 1183 1859 naves
1210 1838 1313 1860 nunc
1345 1838 1511 1874 quoque,

92 1901 188 1937 quae
205 1901 251 1923 ex
268 1887 421 1935 antiqua
444 1885 718 1921 consuetudine
735 1897 802 1933 per
821 1882 998 1920 Tiberim
1021 1892 1253 1918 commeatus
1279 1882 1510 1929 subvehunt,

91 1948 331 1982 cauclicariae
348 1955 546 1979 vocantur.
561 1945 586 1962 ‘⁶

192 2005 320 2039 Claud.
349 2005 464 2050 Nero]
518 2005 599 2036 Liv.
628 2010 686 2045 27.
713 1998 776 2035 fin.
810 2000 937 2047 Polyb.
970 1998 1106 2047 fragm.
1133 1996 1160 2031 l.
1181 2011 1235 2033 11.
1261 1997 1351 2034 init.
1393 2000 1438 2035 A.
1465 2001 1514 2035 U.

188 2121 318 2155 Claud.
337 2119 480 2165 Appius·
499 2122 594 2167 Reg.
615 2119 826 2158 Decemvir]
877 2119 958 2151 Lr'v.
978 2124 1011 2159 3,
1045 2119 1103 2159 44.
1132 2127 1234 2162 sequ.
1272 2119 1427 2163 Dionys.
1457 2128 1513 2160 11,

94 2183 156 2224 28.
181 2191 285 2226 sequ.
316 2177 361 2211 A.
382 2178 428 2212 U.
448 2177 532 2219 307.
561 2174 779 2210 Instituerat
801 2174 855 2208 M.
875 2173 1083 2209 Claudium
1104 2172 1280 2208 clientem
1297 2201 1306 2217 ,
1338 2174 1407 2222 qui
1426 2175 1515 2214 Vir-

97 2235 245 2287 giniam
266 2235 309 2269 in
331 2234 557 2270 servitutem
578 2242 752 2268 assertam
785 2231 946 2266 libidini
980 2245 1069 2267 suae
1102 2231 1280 2274 traderet,
1309 2232 1408 2266 unde
1435 2231 1517 2280 ipse

96 2295 240 2331 dicitur
266 2307 426 2329 asserere
452 2302 618 2327 conatus.
673 2291 828 2326 Nomen
853 2293 1061 2339 Virginiam
1091 2301 1175 2325 ante
1205 2293 1385 2339 virginem
1411 2293 1521 2339 inge-

96 2369 209 2392 nuam
229 2352 431 2390 excidisse,
456 2352 637 2386 Mu'llerus
658 2348 851 2382 existimat
868 2347 910 2381 in
929 2346 1088 2383 schedis.

199 2414 374 2448 Claudius
391 2411 552 2455 Drusus]
603 2405 816 2442 Hominem
835 2415 871 2440 et
890 2417 971 2440 rem
1000 2418 1088 2440 cum
1120 2403 1277 2452 reliquis
1305 2403 1519 2453 interpreti-

99 2473 171 2510 bus
199 2471 355 2520 ignoro.
407 2470 599 2502 Insertum
627 2465 706 2510 jam
735 2463 851 2499 fuisse
879 2463 922 2498 in
936 2463 1148 2499 Liviorum
1177 2473 1330 2511 gentem
1358 2476 1425 2511 pet
1456 2462 1519 2498 ad·

99 2530 297 2581 optionem
311 2555 322 2571 ‚
351 2526 461 2562 docet
478 2536 693 2573 cognomen
714 2521 850 2557 Drusi.

199 2589 328 2624 Claud.
359 2586 502 2631 Pulcer]
580 2585 664 2616 Liv.
691 2580 793 2628 Epit.
826 2591 880 2627 ¹9·
933 2576 1157 2622 „Claudius
1186 2575 1348 2612 Pulcher
1375 2575 1522 2613 Consul

104 2657 234 2684 contra
256 2644 424 2693 auspicia
441 2640 654 2691 profectus,
679 2638 792 2684 jussis
813 2636 996 2685 immergi
1018 2633 1153 2684 pullis,
1187 2635 1254 2683 qui
1277 2635 1395 2670 cibari
1416 2634 1521 2671 nole-

103 2703 217 2749 bant,
245 2702 452 2740 infeliciter
474 2698 651 2734 adversus
671 2694 1000 2743 Carthaginienses
1029 2692 1140 2728 classe
1169 2692 1376 2742 pugnavit,
1402 2702 1438 2728 et
1466 2705 1523 2728 re·

105 2773 260 2799 vocatus
278 2775 297 2797 a
317 2762 456 2796 Senatu
475 2757 675 2804 jussusque
692 2753 934 2789 Dictatorem
956 2751 1099 2795 dicere,
1128 2750 1333 2787 Claudium
1355 2750 1521 2787 Gliciam

107 2820 230 2860 dixit.
263 2819 378 2856 sortis
400 2814 559 2852 ultimae
582 2812 806 2855 hominem,
833 2810 901 2859 qui
917 2820 1064 2845 coactus
1087 2809 1258 2844 abdicare
1276 2821 1312 2843 se
1330 2809 1529 2858 magist1·a-'

106 2889 168 2922 tu,
215 2887 346 2927 postea
375 2873 489 2912 ludos
514 2881 766 2922 praetextatus
793 2868 1037 2918 spectavit,“
1072 2880 1122 2904 ex
1149 2880 1225 2915 quo
1252 2865 1339 2903 loco
1370 2869 1531 2902 Gliciam
