1799 3251
333 162 431 207 568
711 168 1299 218 αευΕΤοΝΙΙ

332 286 670 336 xandrinarum
700 283 926 329 mercium
957 283 1256 328 absumturos.
1337 286 1425 330 Sed
1461 293 1506 329 et
1554 283 1730 330 ceter'os

337 357 578 404 continuos
601 355 695 398 dies
723 354 844 398 inter
865 353 996 398 varia
1013 357 1291 398 munuscula
1315 363 1443 413 togas
1464 355 1654 415 insuper
1676 371 1730 399 ac

332 426 477 490 pallia
504 423 767 480 distribuit,
802 423 903 481 lege
925 423 1196 482 proposita,
1231 433 1282 467 ut
1307 424 1510 469 Romani
1532 424 1728 481 Graeco,

338 492 508 540 Graeci
537 493 751 537 Romano
781 492 943 535 habitu
975 501 1020 534 et
1052 508 1263 537 sermone
1294 502 1546 538 uterentur.
1617 493 1731 554 Spe‘-
1768 489 1772 493 ⁸

337 565 482 610 ctavit
510 562 687 606 assidue
711 570 755 606 et
787 569 1054 605 exercentes
1086 562 1313 620 ephebos,
1349 578 1544 620 quorum
1580 563 1731 621 aliqua

336 635 489 679 adhuc
509 632 643 691 copia
666 647 724 674 ex
747 640 902 674 vetere
925 629 1135 673 instituto
1163 630 1351 690 Capreis
1376 640 1483 675 erat.
1560 632 1729 677 Iisdem

334 704 476 750 etiam
513 703 701 761 epulum
734 700 780 742 in
817 707 1064 758 conspectu
1093 716 1175 743 suo
1213 700 1454 759 praebuit,
1491 702 1729 759 permissa,

333 775 481 818 immo
503 779 694 823 exacta,
723 769 911 828 jocandi
939 768 1153 826 licentia,
1191 769 1535 828 diripiendique
1566 786 1729 829 pomo-

332 859 437 889 rum
463 850 508 884 et
533 839 834 883 obsoniorum
859 853 1105 895 rerumque
1130 838 1390 882 missilium.
1474 839 1619 883 Nullo
1655 840 1730 884 de-

331 913 474 969 nique
511 924 680 967 genere
712 907 955 951 hilaritatis
985 907 1217 952 abstinuit.
1285 908 1503 952 Vicinam
1539 908 1728 968 Capreis

301 974 306 978 ⁷
331 981 528 1026 insulam
556 970 903 1042 ’Λπροιγόπολιν
925 977 1215 1037 appellabat,
1253 993 1277 1020 a
1310 977 1484 1022 desidia
1518 979 1730 1023 seceden-

333 1052 453 1106 tium
490 1049 604 1091 illuc
638 1063 663 1090 e
696 1048 920 1090 comitatu
955 1063 1051 1090 suo.
1137 1046 1228 1090 Sed
1259 1062 1320 1092 ex
1351 1047 1531 1092 dilectis
1568 1063 1727 1102 unum,

333 1119 590 1177 Masgaban
624 1116 840 1173 nomine,
889 1117 1018 1174 quasi
1059 1115 1350 1160 conditorem
1384 1117 1591 1174 insulae,
1631 1134 1729 1166 κτι-

332 1184 441 1246 στήν
461 1203 628 1231 vocare
656 1196 921 1230 consuerat:
957 1186 1092 1244 hujus
1114 1186 1386 1244 lVIasgabaQ
1425 1194 1525 1231 ante
1561 1203 1731 1230 annum

332 1256 565 1313 defuncti,
603 1256 836 1299 tumulum
871 1269 1014 1312 quum
1041 1270 1064 1297 e
1095 1254 1301 1297 triclinio
1334 1255 1732 1300 animadvertisset

331 1343 497 1386 magna
528 1325 662 1369 turba
696 1325 945 1382 multisque
979 1323 1233 1366 luminibus
1263 1324 1576 1382 frequentari,
1625 1340 1732 1370 ver.

328 1414 433 1441 sum
461 1394 770 1452 compositum
794 1409 816 1437 e
839 1402 1049 1451 tempore
1075 1393 1197 1435 clare
1217 1393 1574 1451 pronunciavit:

400 1470 598 1533 Κτιστρῧ
634 1465 677 1520 δὲ
712 1467 890 1534 τύμβον
926 1472 1067 1535 εἶςορῶ
1100 1468 1376 1536 πυρούμενον-

332 1557 686 1611 Conversusque
710 1554 766 1596 ad
794 1553 1116 1610 Thrasyllum,
1154 1552 1333 1595 Tiberii
1354 1553 1587 1611 comitem,
1621 1570 1729 1599 con-

328 1635 403 1671 tra
428 1625 753 1678 accubantem,
801 1631 845 1664 et
867 1621 1081 1678 ignarum
1099 1621 1184 1678 rei,
1226 1621 1543 1680 interrogavit,
1582 1626 1728 1684 cujus-

330 1711 439 1740 nam
471 1696 636 1754 poetae
668 1699 853 1751 putaret
884 1706 1003 1738 esse:
1058 1706 1147 1749 quo
1193 1690 1478 1750 haesitante,
1533 1693 1727 1754 subJ'ecit

329 1766 498 1811 alium:

395 1841 540 1911 Ὀξᾷς
579 1837 750 1903 φαέεσσι
787 1835 1077 1902 Μοισγοὶβοιν
1111 1836 1379 1904 τιμώμενον5

329 1943 382 1972 ac
411 1926 466 1969 de
497 1925 588 1967 hoc
619 1938 799 1980 quoque
839 1922 1080 1965 consuluit.
1153 1923 1307 1976 Quum
1341 1923 1421 1967 ille
1450 1920 1571 1967 nihil
1602 1923 1723 1968 aliud

326 1993 652 2055 responderet,
711 2008 874 2048 quam,
940 1991 1247 2050 cujuscunque
1291 2002 1462 2049 essent,
1521 1992 1724 2053 optimos

330 2079 448 2122 esse,
487 2061 765 2105 cachinnum
793 2062 1005 2114 sustulit,
1043 2069 1176 2118 atque
1197 2061 1246 2103 in
1274 2061 1407 2119 jocos
1443 2062 1610 2105 effusus
1645 2071 1723 2107 est.

328 2136 452 2180 Mox
475 2130 724 2191 Neapolim
745 2131 951 2188 trajecit,
990 2145 1267 2188 quamquam
1291 2129 1431 2174 etiam
1459 2140 1559 2175 tum
1593 2131 1723 2175 infir·-

418 2311 462 2332 ex
491 2304 610 2332 vetere
636 2297 820 2342 instituto]
884 2294 1047 2335 Graeco:
1083 2296 1180 2337 [nam
1205 2293 1338 2330 Graeci
1367 2294 1523 2343 Capreas
1555 2292 1724 2332 incolue-

322 2363 419 2391 rant.

421 2422 681 2468 diripiendique
700 2424 903 2468 pomorum]
956 2420 1013 2456 De
1039 2421 1113 2458 hoc
1141 2420 1324 2471 loquendi
1348 2421 1466 2458 modo
1492 2434 1529 2456 v.
1549 2419 1720 2456 Gronov·

326 2480 372 2516 ad
399 2480 491 2514 Gell.
522 2478 585 2520 16,
616 2485 650 2522 8.
703 2483 846 2514 Sancta
875 2479 1039 2514 Minerv.
1064 2489 1107 2522 3.
1133 2487 1169 2524 3.
1237 2482 1318 2528 Ipse
1354 2480 1478 2515 Cicero
1501 2476 1597 2512 Phil.
1625 2478 1657 2519 5,
1684 2478 1718 2512 3.

324 2562 350 2581 ,‚
365 2548 540 2584 agrorum
559 2536 635 2571 suis
655 2536 867 2572 latronibus
888 2537 1137 2572 condonandi.
1150 2539 1174 2557 “
1220 2539 1270 2574 N.
1291 2537 1317 2574 l.
1347 2548 1471 2572 tamen
1500 2533 1545 2569 al.
1575 2548 1716 2568 rernm-

323 2609 391 2642 que
411 2595 575 2629 711z'ssilia.
622 2595 684 2629 De
710 2596 904 2629 missilibus
932 2607 968 2629 v.
986 2595 1126 2630 Neron.
1150 2607 1204 2631 11.
1238 2595 1286 2631 cf.
1303 2596 1496 2642 Bulenger·
1521 2591 1566 2626 de
1593 2601 1715 2627 venat.

327 2651 434 2688 Circi.
459 2664 488 2686 c.
508 2659 566 2694 23.
596 2651 725 2695 (Thes.
746 2653 790 2686 T.
810 2648 935 2701 VHIJ.
964 2665 1000 2700 p.
1020 2652 1118 2699 794.)

412 2717 559 2765 κτιστῆν
583 2723 728 2767 vocare]
787 2719 950 2759 Videtur
978 2720 1042 2755 hic
1070 2719 1267 2769 Masgabas
1301 2720 1383 2766 ejus
1415 2718 1521 2763 jussu
1555 2716 1713 2753 colonos

324 2776 519 2812 deduxisse
536 2777 691 2826 Capreas
705 2804 716 2820 ,
739 2791 758 2812 a
776 2776 1035 2826 Neapolitanis
1051 2777 1329 2826 permutatione
1351 2785 1526 2825 acceptas.
1551 2788 1590 2812 v.
1611 2784 1713 2824 αφ’
1759 2789 1762 2822 ῑ

310 2834 371 2871 De
394 2835 582 2882 Thrasyllo
598 2847 634 2871 v.
658 2834 785 2873 Tiber.
810 2847 841 2872 c.
865 2840 919 2878 14.
