1799 3251
461 127 1010 159 PRAEFATIO.
1367 123 1440 157 XV

48 247 245 300 derant,
280 238 609 288 solummodo
650 239 706 288 in
743 241 882 288 notis
912 239 1176 304 proposui.
1248 243 1308 286 In
1342 238 1443 285 hoc

49 328 217 364 autem
249 309 485 375 negotiO,
524 321 580 356 ut
606 323 747 358 antea
775 309 875 371 jam
902 311 1034 365 dixi,
1072 310 1128 356 in
1156 309 1339 373 paratis
1366 323 1444 353 ac-

52 380 419 450 quiescendum
440 377 561 435 fuit,
599 379 912 427 editionibus
934 380 1154 436 scilicet,
1191 395 1312 441 quas
1335 376 1446 439 qui-

53 453 170 501 dem
224 464 514 512 comparare
558 449 686 495 mihi
734 449 909 506 licuit,
980 445 1446 512 praestantissimis,

50 523 239 585 iisque,
276 535 402 582 quae
423 517 611 581 passim
634 518 732 565 viri
754 517 936 565 docti'
922 535 977 564 in
1010 515 1447 580 disputationibus

55 592 116 638 de
135 592 237 637 hoc
259 589 340 635 vel
361 588 455 634 illo
477 588 597 634 loco
622 587 825 636 uberius
848 588 1170 651 plerumque,
1209 602 1360 649 quam
1393 583 1451 629 in

51 659 185 723 justa
229 657 454 705 editione
491 655 600 703 fieri
651 659 808 714 solet,
869 667 1238 718 exposuerunt,
1302 668 1454 717 quam

54 729 209 778 etiam
246 726 312 774 ob
343 743 450 773 rem
487 742 513 773 a
542 728 704 790 longo
736 726 857 774 inde
895 738 1125 788 tempore
1154 723 1216 771 ad
1258 738 1455 777 omnes,

57 798 149 863 qui
175 796 408 845 Suetonii
440 795 660 858 aliquam
698 808 889 859 partem
919 807 1213 848 tractarent,
1248 792 1455 839 libellos

55 865 205 917 valde
236 864 453 921 attendi,
490 876 537 911 et
561 880 891 928 quaecunque
921 863 1104 925 judicii
1126 863 1207 910 vel
1230 862 1460 909 novitate

57 937 142 986 vel
175 934 383 984 veritate
413 934 666 982 notabilia
700 934 1020 991 viderentur,
1065 934 1121 980 in
1151 943 1259 979 'rem
1295 944 1461 977 meam

58 1004 307 1054 converti.
380 1004 452 1050 Ac
472 1004 793 1065 praecipuam
818 1003 1023 1066 quidem
1046 1017 1260 1049 messem
1286 997 1466 1047 inveni

58 1075 117 1123 in
137 1072 589 1121 Observationibus
618 1073 850 1129 Μᾶῖἶενί,
901 1071 1101 1120 scholae
1120 1070 1351 1119 Cizensis
1371 1071 1467 1116 Re-

62 1142 243 1198 ctoris,
280 1140 424 1201 cujus
448 1154 621 1220 postea
644 1142 795 1188 aliam
818 1159 935 1189 cum
954 1141 1173 1188 maxima
1191 1140 1467 1204 gratiarum

64 1211 268 1260 actione
307 1211 624 1258 mentionem
661 1211 872 1269 faciam,
923 1228 1082 1276 quum
1113 1211 1170 1257 in
1197 1208 1468 1280 publicum

64 1279 265 1328 emissis
298 1296 434 1327 anno
457 1293 615 1359 1804.
634 1316 647 1338 ,
684 1293 795 1328 tum
822 1281 1044 1336 schedis,
1080 1296 1295 1344 quarum
1317 1292 1471 1323 usum

16 1389 26 1395 ,
65 1349 197 1397 mihi
242 1350 523 1407 concessit,
583 1350 814 1408 inaratis,
874 1363 922 1398 et
971 1356 1041 1399 W
1038 1350 1237 1406 altheri,
1313 1344 1473 1406 Lycei

67 1423 285 1483 Torgav.
326 1418 668 1476 Subrectoris,
727 1437 853 1484 quae
899 1436 1033 1467 anno
1085 1432 1230 1477 1313.
1271 1414 1475 1480 prodie-

69 1500 214 1544 runt,
251 1487 432 1535 finita'
415 1505 519 1548 Jam
544 1489 710 1568 operis
734 1503 872 1552 parte
892 1490 952 1537 ad
974 1507 1055 1536 me
1079 1489 1282 1542 delatae,
1316 1503 1342 1533 a
1364 1483 1478 1548 qui-

71 1557 169 1604 bus
221 1556 299 1603 uti
342 1573 508 1604 meam
552 1558 857 1621 opinionem
894 1559 1055 1606 modo
1108 1556 1478 1609 confirmatam,

73 1624 235 1674 modo
284 1624 486 1674 idoneis
533 1630 843 1692 argumentis
890 1629 1237 1691 exemplisque
1287 1624 1480 1672 adstru-

76 1707 234 1750 ctam,
267 1694 424 1742 modo
451 1709 728 1744 correctam
749 1710 798 1745 et
820 1698 1102 1752 refutatam,
1135 1707 1275 1760 grato
1304 1693 1480 1740 animo

78 1763 340 1818 intellexi,
386 1764 485 1819 ita,
533 1765 625 1810 ubi
659 1766 1022 1814 discedendum
1053 1764 1320 1826 putabam,
1370 1776 1482 1807 non

78 1830 227 1878 aliter
246 1829 299 1874 id
333 1829 460 1885 feci,
499 1845 649 1891 quam
682 1844 739 1876 ut
773 1832 1051 1878 modestiae
1086 1847 1352 1893 nunquam
1384 1830 1482 1875 im-

78 1913 278 1947 memor
297 1897 507 1943 viderer.
581 1903 658 1945 Ne
679 1913 845 1946 autem
867 1902 1010 1947 nulla
1032 1916 1240 1963 prorsus
1264 1916 1325 1945 ex
1346 1913 1484 1944 nova

81 1967 335 2016 librorum
364 1966 642 2014 collatione
662 1968 902 2017 editionis
925 1983 1127 2017 nostrae
1147 1982 1315 2017 essent
1340 1984 1488 2014 orna-

30 2069 31 2073 =
84 2047 279 2092 menta,
354 2037 753 2086 communicavit
803 2055 1006 2086 mecum
1065 2041 1164 2087 Cel.
1211 2040 1485 2090 Mallerus,

85 2121 213 2170 quae
235 2116 309 2151 est
333 2104 706 2153 humanissimo
727 2107 840 2155 viro
865 2109 1016 2156 etiam
1051 2126 1163 2173 erga
1191 2125 1390 2154 novum
1430 2106 1488 2151 in

86 2191 141 2222 re
185 2174 401 2222 literaria
447 2173 712 2223 hominem
760 2177 1141 2234 benevolentia,
1209 2177 1490 2223 editionem

88 2242 464 2292 Plantinianam
501 2246 623 2292 anni
663 2250 833 2308 1596„
869 2253 1058 2296 aPetro
1085 2247 1332 2295 Scriverio
1370 2261 1490 2307 pro-

92 2323 345 2369 curatam,
383 2313 444 2359 ad
468 2313 613 2373 cujus
641 2317 922 2381 marginem
956 2319 1035 2364 vir
1062 2317 1243 2364 doctus
1282 2317 1491 2362 varieta-

92 2394 196 2429 tem
219 2381 418 2429 notavit
453 2383 669 2441 codicis,
706 2385 765 2432 de
808 2403 910 2449 quo
945 2388 1053 2450 ipse
1083 2387 1237 2433 initio
1269 2384 1388 2431 libri
1421 2384 1493 2429 ita

94 2451 327 2513 scripsit:
362 2456 621 2507 „Caesares
643 2457 872 2502 Suetonii
895 2456 1093 2503 contuli
1120 2472 1237 2501 cum
1262 2453 1353 2499 Cd.
1380 2455 1488 2500 MS.

96 2520 507 2577 membranaceo,
570 2539 630 2568 ex
677 2524 986 2573 bibliotheca
1015 2526 1185 2572 Nicol.
1219 2529 1323 2576 Jos.
1358 2527 1494 2570 Fou-

99 2591 233 2635 cault
268 2591 482 2638 Comitis
516 2593 917 2652 Consistoriani,
979 2596 1143 2641 bonae
1181 2607 1355 2646 notae,
1405 2589 1493 2638 sed

100 2657 379 2705 admodum
415 2662 628 2717 recenti;
676 2664 730 2710 in
773 2664 916 2723 cujus
952 2664 1052 2711 fine
1081 2663 1365 2725 legebatur:
1409 2664 1496 2712 JA.

99 2730 194 2774 DE
238 2731 630 2778 HOLLANDIA
663 2736 856 2797 ROME}
891 2748 1032 2794 1444.
1067 2736 1169 2780 XX.
1208 2735 1299 2780 FE.
1338 2733 1500 2777 FINI-

96 2798 223 2844 VIT.
260 2802 441 2847 Graeca
467 2799 667 2848 deerant
691 2803 865 2851 relicto
890 2805 1111 2866 spatio.“
1184 2806 1261 2850 De
1287 2797 1499 2861 reliquis

1275 2976 1293 3003 κ’
