1799 3251
301 164 378 196 ΧΠ
719 150 1261 195 τΒΑΕΡΑΤῙοξ

284 278 402 339 jam
441 275 832 331 convertissent,
868 286 925 321 ut
960 278 1267 341 arrogantiae
1293 276 1398 324 fere
1420 264 1693 333 videretur-f.
1754 279 1757 285 '

301 348 516 394 subinde
544 348 598 392 in
623 346 867 391 diversam
895 347 1193 393 sententiam
1213 347 1459 406 judicare,
1495 348 1691 409 impor··⁴
1757 357 1759 361 '

301 417 555 471 tunitatis‚
606 413 812 478 vestigia
844 429 1021 460 eorum
1055 416 1226 477 sequi,
1279 428 1326 462 et
1358 415 1538 462 melius
1583 416 1690 474 jam
1748 444 1754 465 ς

302 485 527 546 exposita
548 495 737 544 praeter
769 483 1114 529 necessitatem
1146 485 1386 547 repetere;
1424 483 1691 547 perspicia·
1751 502 1754 503 ⁷

302 555 441 607 bam,
479 565 716 614 quantam
751 549 1031 614 argumenti
1063 553 1270 600 varietas
1305 564 1412 600 n'on
1448 553 1692 600 historiae

301 634 523 676 tantum,
591 620 678 668 sed
736 620 904 667 omnis
958 621 1088 667 vitae
1128 622 1297 685 reique
1339 625 1691 671 Romanofflm

301 707 458 753 quum
480 690 734 752 publicae,
770 701 880 735 tum
905 690 1123 750 privatae
1145 692 1413 754 requireret
1437 691 1691 755 cognitio·-

297 775 445 815 :nem3
506 758 638 805 haud
690 759 959 805 mediocris
1009 759 1223 823 denique
1266 761 1321 806 in
1350 774 1556 823 promtu
1586 769 1690 825 erat
1744 757 1768 790 -'

298 844 538 874 numerus
569 829 827 882 locorum,
876 827 930 873 in
966 828 1149 890 quibus
1184 830 1263 876 vel
1294 829 1490 876 residua
1521 840 1689 879 textus
1746 834 1750 835 ⁷

302 897 605 957 corruptela,
638 898 719 943 vel
742 913 906 942 rerum
940 897 1162 959 ipsarum
1195 897 1466 944 difficultas
1499 911 1689 947 vanam

299 966 539 1011 hactenus
582 966 799 1011 aliorum
836 982 1036 1027 operam
1082 966 1393 1013 reddidisset.
1475 965 1688 1026 Accede·
1750 991 1752 994 >

298 1034 407 1090 bat,
460 1034 596 1096 quod
627 1050 702 1089 ea,
750 1050 872 1096 quae
904 1051 963 1080 ex
1001 1035 1152 1082 novis
1183 1034 1450 1092 subsidiis,
1498 1033 1691 1081 codici-

239 1132 241 1134 ·
301 1103 393 1148 bus
425 1102 659 1149 nondum
700 1103 1026 1165 comparatis,
1064 1104 1265 1167 alioque
1289 1121 1428 1150 nunc
1461 1103 1688 1165 primum
1751 1166 1759 1169 ..

271 1213 273 1216 .
295 1171 352 1218 in
373 1173 535 1218 lucem
563 1171 702 1217 edito
727 1185 989 1233 apparatu,
1025 1173 1296 1235 singularis
1321 1189 1424 1221 ease
1453 1174 1582 1220 solet
1611 1187 1688 1217 re-

295 1240 597 1287 centissimis
619 1240 931 1287 editionibus
954 1242 1355 1298 commendatio,
1385 1253 1584 1288 nostrae
1605 1239 1690 1291 deff

295 1325 400 1356 esse
435 1309 535 1354 fere
569 1308 844 1355 videbatur.
918 1310 1033 1366 Sed,
1074 1323 1131 1357 ut
1165 1310 1273 1356 fieri
1305 1311 1459 1365 solet,
1497 1307 1686 1370 eadem,
1738 1306 1739 1309 ’

294 1395 422 1440 quae
463 1393 669 1424 avocare
711 1377 956 1425 debebant
1003 1396 1028 1425 a
1067 1379 1267 1433 labore,
1321 1377 1685 1441 impedimenta

291 1447 620 1509 praecipuum
649 1446 710 1492 ad
744 1447 1134 1510 aggrediendum
1181 1448 1309 1493 mihi
1349 1448 1686 1494 admoverunt

291 1516 581 1570 stimulum,
626 1514 694 1561 ita
729 1528 917 1572 tamen,
961 1529 1040 1571 ut,
1074 1533 1202 1579 quos
1236 1517 1498 1578 scripserat
1531 1514 1684 1561 libra-

292 1584 357 1629 rii
383 1584 682 1640 consilium,
726 1584 876 1639 fines,
916 1601 981 1631 ne
1003 1601 1339 1646 supervacuus
1360 1596 1532 1631 noster
1556 1593 1684 1630 esset
1763 1621 1775 1637 ,

290 1652 463 1708 labor,
502 1653 778 1699 admodum
799 1653 1111 1700 excedendos
1138 1653 1492 1705 existimarem.

394 1726 595 1782 Itaque,
646 1738 805 1783 quum
837 1722 1145 1769 Fleischerus
1180 1723 1401 1769 maxima
1427 1720 1684 1775 facilitate,

287 1791 436 1835 :nullo
459 1789 617 1834 modo
638 1806 689 1835 se
712 1790 1208 1849 circumscripturum
1228 1791 1445 1835 rationes
1469 1800 1684 1843 nostras,

288 1868 627 1910 asseverasset,
663 1868 711 1901 et
732 1856 1015 1919 gravissimi
1039 1856 1152 1911 viri,
1190 1872 1409 1917 quorum
1430 1855 1682 1912 judicium

291 1927 551 1987 explorare
598 1924 805 1980 licebat,
860 1936 1087 1970 auctores
1135 1924 1439 1978 extitissent,
1498 1923 1684 1970 accessi

292 1994 352 2040 ad
383 2010 509 2050 rem,
556 1992 634 2038 his
671 1991 1000 2053 potissimum
1025 1992 1222 2056 legibus
1259 1992 1578 2051 constitutis,
1624 2003 1683 2038 ut

289 2075 484 2109 textum
517 2061 578 2107 ad
612 2061 1150 2122 praestantissimarum
1184 2060 1470 2108 editionum
1511 2061 1680 2117 fidem,

291 2132 651 2192 criticumque,
694 2146 842 2191 quem
876 2130 1136 2186 exhibent,
1171 2143 1487 2192 apparatum,
1527 2146 1680 2193 quam

290 2199 565 2247 castissime
604 2214 830 2260 possem,
889 2198 1198 2245 reddendum
1239 2215 1484 2255 curarem,
1541 2215 1678 2245 com-

288 2268 591 2315 mentarium
633 2265 873 2314 historiae
914 2267 1151 2313 maxime
1178 2268 1405 2330 ipsisque
1433 2267 1580 2314 rebus
1615 2282 1678 2313 ex

290 2338 404 2384 aliis
430 2336 772 2383 monumentis
796 2335 1106 2382 illustrandis
1130 2336 1442 2392 destinarem,
1485 2339 1677 2383 clavem

289 2406 508 2468 denique
543 2404 864 2468 adjungerem
895 2407 975 2450 vel
1007 2405 1329 2469 glossarium,
1379 2404 1517 2467 quod
1547 2405 1677 2450 ultra

287 2475 510 2536 vulgaris
546 2473 729 2520 indicis
766 2473 1005 2529 modum,
1055 2474 1108 2520 in
1142 2474 1343 2520 uberius
1380 2472 1675 2536 explicanda

286 2543 559 2592 Latinitate
579 2558 773 2604 usuque
797 2541 999 2588 dicendi
1039 2560 1194 2605 quum
1237 2543 1522 2597 communi,
1561 2552 1673 2588 tum

287 2612 465 2659 Nostri
491 2624 778 2658 versaretur.
850 2611 1089 2658 Eminent
1113 2625 1277 2658 autem
1301 2612 1431 2657 inter
1452 2610 1676 2671 superio-

287 2681 356 2726 ris
389 2679 545 2725 seculi
581 2680 830 2725 editiones
869 2692 995 2735 tres,
1040 2680 1434 2734 Burmanniana,
1473 2678 1675 2726 Ouden-

291 2748 561 2809 dorpiana,
604 2760 650 2794 et
683 2748 1000 2803 Ernestiana,
1040 2767 1064 2796 a
1096 2749 1286 2796 WVolfio
1321 2749 1552 2810 repetita,
1591 2745 1678 2793 sed

292 2818 363 2865 ita
389 2817 587 2886 diverso
614 2817 831 2866 consilio
856 2818 1140 2876 institutae,
1177 2830 1233 2867 ut
1260 2817 1512 2867 diversum
1533 2816 1684 2864 etiam
