1799 3251
301 173 374 208 xx
739 154 1274 202 ΡΒιιΕΈἩἸ-Ῑό

306 286 519 352 poribus
542 294 686 330 nosti
689 297 842 345 aeque
871 298 1050 344 operae
1083 267 1335 331 relictam
1343 295 1449 328 esse
1479 270 1704 346 laudem,

309 370 356 404 et
380 358 536 418 ipsam
559 366 726 399 tamen
746 351 880 398 haud
904 353 1015 397 sine
1034 352 1206 398 labore
1225 363 1272 398 et
1292 350 1541 397 industria
1562 363 1705 396 come-

309 423 610 489 parandam3
671 421 731 468 ad
784 419 919 466 hunc
965 420 1119 466 finem
1163 428 1342 467 omnes
1390 420 1520 466 vires
1565 431 1705 464 meas

311 491 565 547 converti,
602 489 968 548 etjudicabunt
989 490 1220 544 fortasse,
1259 489 1347 552 qui
1378 487 1706 552 diligentiore

307 561 539 610 examine
561 559 787 606 laborem
817 575 983 605 meum
1016 559 1209 622 dignati
1236 556 1452 612 fuerint,
1488 571 1598 602 non
1631 552 1704 602 fe-

308 633 526 681 stinante
549 629 721 676 animo
745 642 891 691 atque
912 629 1081 675 studio
1119 637 1212 675 me'
1234 629 1290 674 in
1321 644 1380 674 eo
1409 593 1567 673 fuisse
1595 641 1705 672 ver-

309 714 498 755 satum,
542 715 706 761 neque
738 699 897 745 aliena
932 697 1090 746 modo
1123 698 1422 751 recantasse,
1461 694 1573 750 sed,
1613 691 1706 739 ubi

308 769 730 832 acquiescendum
780 768 928 813 etiam
980 767 1037 812 in
1088 767 1378 814 doctiorum
1406 763 1706 810 hominum.

268 850 278 853 ’“
305 839 502 900 judicio
535 851 682 900 atque
719 836 1013 884 auctoritate
1047 849 1200 891 esset,
1262 835 1484 900 propriis
1531 846 1706 911 tamen

307 908 472 956 oculis
517 907 728 962 vidisse,
779 923 940 968 neque
974 906 1068 952 ulli
1101 904 1382 952 industriae
1410 902 1718 965 pepercisse,
1787 917 1799 960 ³,

308 993 433 1041 quae
455 976 730 1023 necessaria
752 975 813 1021 ad
833 988 1031 1023 nostras
1056 975 1278 1022 rationes
1297 973 1563 1020 videretur.
1611 973 1727 1030 Acg

309 1044 458 1093 cessit
494 1058 663 1091 tamen
695 1045 814 1091 huic
852 1044 1069 1091 editioni
1104 1040 1480 1091 commendatio
1522 1058 1584 1086 ex
1628 1047 1708 1086 ea'-

309 1116 450 1169 dem,
481 1130 674 1177 quam<
661 1126 801 1160 antea
820 1114 1124 1176 praedicavi,
1165 1115 1264 1160 Cel.
1297 1114 1505 1159 Σηιὶῑῖενί
1528 1110 1709 1156 huma-

306 1184 479 1231 nitate.
565 1183 711 1230 Misit
740 1183 876 1229 enim
929 1182 1209 1245 auspicanti
1253 1197 1380 1244 opus
1424 1179 1707 1225 editionem

310 1251 598 1300 casauboni
636 1252 757 1298 anni
801 1258 944 1298 1611.
961 1288 972 1307 ,
1028 1269 1152 1314 quae
1190 1252 1244 1297 in
1285 1249 1590 1296 bibliotheca
1626 1245 1708 1293 Gi·-

308 1322 450 1370 zensi
471 1333 720 1378 servatur,
753 1321 819 1367 ob
843 1334 1013 1377 notaS,
1048 1338 1072 1368 a
1096 1319 1294 1368 Thoma
1319 1317 1555 1367 Reinesio
1576 1328 1710 1362 mar-

309 1391 420 1455 gini
460 1390 722 1452 ascriptas,
776 1407 988 1452 quarum
1031 1391 1284 1452 specimen
1327 1383 1710 1435 O}‘·›servationi'-

305 1461 403 1507 bus
437 1475 584 1521 supra
622 1459 913 1506 memoratis
945 1461 1052 1520 ipse
1092 1460 1221 1505 olim
1260 1455 1505 1516 adjunxit.
1579 1457 1709 1502 Suus:

308 1545 392 1575 eae
425 1529 696 1574 maximam
722 1540 912 1590 partem
936 1527 1231 1580 historicae,
1264 1527 1448 1589 partim
1484 1523 1707 1570 aliorum
1727 1556 1737 1560 a

304 1597 616 1659 scriptorum
656 1598 825 1652 locos,
883 1597 1066 1658 partim
1104 1595 1308 1643 Gruteri
1347 1592 1722 1656 inscriptiones,
1790 1617 1796 1625 ·

305 1666 504 1727 aliaque
541 1681 822 1710 monumen
849 1681 874 1710 a
909 1677 1282 1726 comparantes,
1336 1662 1519 1726 quibus
1563 1671 1708 1724 post·
1792 1659 1799 1676 ¹

302 1735 398 1782 hac
425 1734 703 1779 accuratius
727 1750 819 1794 exp
844 1734 997 1780 oratis
1036 1745 1083 1779 et
1118 1733 1177 1780 ad
1207 1733 1386 1779 Nostri
1415 1732 1711 1793 interpreta-

304 1803 504 1850 tionem
528 1800 765 1848 adhibitis
791 1818 1098 1864 quamquam
1129 1802 1262 1847 nihil
1296 1800 1572 1846 detrahitur
1591 1797 1708 1847 Rei-

306 1870 554 1924 nesianis,
592 1870 671 1914 vel
699 1868 763 1913 ob
788 1869 951 1929 ipsam
977 1868 1262 1916 doctissimi
1285 1869 1384 1915 viri
1405 1867 1708 1915 memoriam.

306 1937 520 1987 ‚maximi
542 1935 892 1991 aestimandis,
929 1935 1118 1983 factum
1141 1949 1306 1983 tamen
1323 1973 1335 1993 ,
1365 1949 1422 1984 ut
1449 1936 1707 1983 minorem

307 2008 430 2055 inde
475 2005 698 2052 fructum
746 2020 942 2066 carpere
986 2006 1266 2067 potuerim;
1315 2021 1479 2068 neque
1517 2017 1707 2062 tamen,

308 2092 436 2141 quae
454 2091 587 2121 nova
614 2085 662 2119 et
692 2072 966 2138 singularia
990 2074 1251 2122 Reinesius
1281 2074 1498 2121 subinde
1527 2074 1708 2122 admo-

305 2145 529 2200 nuisset,
580 2142 769 2204 ubique
816 2159 1213 2189 commemorare
1252 2144 1468 2207 neglexi.
1553 2148 1706 2191 Com-

308 2212 593 2262 municavit
620 2228 820 2258 mecum
841 2212 977 2258 idem
999 2213 1248 2259 Miillerus
1268 2217 1298 2264 J
1302 2229 1343 2259 ο.
1367 2212 1557 2260 Freder.
1581 2212 1699 2261 Rei-

306 2283 400 2331 tzii
424 2281 605 2327 dictata
627 2280 680 2326 in
702 2284 830 2327 Suet.
852 2284 1137 2345 Augustum
1163 2294 1211 2328 et
1233 2282 1495 2328 Tiberium
1510 2318 1522 2338 ,
1560 2297 1697 2329 anno
1728 2323 1733 2327 .

309 2367 455 2411 1751.
488 2351 679 2396 calamo
711 2363 938 2411 excepta,
977 2363 1125 2413 atque
1162 2363 1308 2398 erunt
1339 2350 1571 2406 fortasse,
1608 2348 1700 2413 qui

307 2421 444 2482 typis
469 2436 522 2465 ea
546 2418 790 2480 exscripta
810 2419 1119 2466 maluissent.
1183 2419 1276 2467 Sed
1296 2431 1486 2482 praeter
1506 2419 1699 2466 nimiae

307 2488 614 2551 prolixitatis
643 2488 1090 2550 immodestiaeque
1113 2504 1226 2552 erga
1252 2504 1396 2544 eum,
1433 2487 1516 2534 cui
1546 2504 1697 2536 usum
1731 2498 1737 2501 “
1797 2501 1799 2506 ·

308 2558 575 2611 debebam,
610 2569 801 2602 metum
832 2558 925 2603 alia
957 2574 1119 2621 neque
1148 2557 1300 2613 levis,
1337 2569 1394 2604 ut
1424 2568 1578 2618 puto,
1613 2572 1697 2603 me

304 2626 569 2706 prohibuit
601 2625 744 2672 ratio.
815 2630 891 2672 Ex
920 2643 1022 2689 quo
1056 2627 1191 2674 enim
1226 2627 1418 2688 plures,
1455 2642 1581 2688 quae
1605 2629 1695 2672 Ba-

299 2697 404 2743 tavi
427 2697 478 2742 in
507 2694 695 2741 scholis
726 2695 831 2741 suis
863 2696 1127 2758 discipulis
1161 2706 1516 2757 exposuerant,
1549 2693 1693 2740 edere

293 2774 590 2827 coeperunt,
623 2763 740 2810 satis
766 2777 987 2821 constat,
1026 2782 1130 2811 non
1160 2781 1274 2811 eum
1298 2763 1418 2810 inde
1442 2762 1689 2810 eruditio·-

283 2835 423 2881 ribus
444 2834 664 2880 fructum
689 2834 1007 2895 provenisse,
1047 2835 1169 2899 qui
1157 2852 1183 2882 a
1208 2826 1389 2883 talium
1413 2831 1684 2900 magistro·
