1799 3251
465 138 1013 204 &ocris-111³:
1349 165 1449 226 339

40 285 292 332 delectatus
326 275 392 326 est
419 282 641 341 Raetico,
690 301 837 344 neque
873 297 1047 333 temeie
1078 289 1282 337 interdiu
1310 281 1445 339 bibit.

37 356 132 400 Pro
156 354 356 414 potione
391 356 601 398 sumebat
635 356 750 414 perf·
745 374 873 400 ιεωῃ
914 375 1027 416 aqua
1057 360 1226 418 frigida
1257 379 1443 423 panem,

37 431 116 468 aut
137 421 394 466 cucumeris
421 422 648 480 siusium,
689 427 762 469 vel
795 429 1051 472 lactuculae
1085 431 1133 472 tl
1125 448 1198 489 vn
1201 449 1330 488 sum,
1367 443 1446 479 aut

33 507 194 537 recens
218 492 464 538 acidumve
491 510 685 553 pomum
716 497 840 539 succi
864 498 1124 542 vinosioiis.
1176 498 1291 564 [78]
1334 503 1446 547 Post

34 562 191 606 cibum
214 562 554 621 meridianum,
592 565 654 607 ita
685 574 733 608 ut
761 566 950 610 vestitus
988 568 1300 627 calciatusque
1329 583 1444 631 erat,

29 629 215 676 retectis
235 632 432 691 pedibus
450 633 692 694 paulisper
722 637 1099 694 conquiescebat,
1139 641 1355 698 opposita
1388 643 1445 687 ad

31 701 191 744 oculos
210 717 365 745 manu.
436 703 485 747 A
512 720 656 748 coena
684 705 1048 749 lucubratoiiam
1081 723 1128 750 se
1162 708 1212 751 in
1251 710 1445 756 lecticu-

30 770 125 814 lam
149 770 420 830 recipiebat.
490 773 593 832 lbi,
631 775 778 818 donec
794 775 978 819 residua
1007 775 1164 820 diurni
1183 786 1327 837 actus,
1366 789 1445 824 aut

28 945 234 973 manorum
262 935 419 972 luxuria
444 941 566 974 Senec.
593 937 640 973 ad
665 937 777 974 Helv.
815 950 847 974 c.
871 951 906 986 9.
964 940 1196 984 „Vomunt,
1236 952 1280 978 ut
1319 943 1442 989 edant,

27 992 171 1038 edunt,
207 1006 253 1030 ut
281 1006 461 1036 vomant3
491 1007 528 1031 et
562 995 709 1046 epulas,
737 1009 828 1046 quas
853 1007 937 1032 toto
966 996 1060 1032 orbe
1089 998 1342 1046 conquirunt,
1375 1014 1445 1039 nec

22 1062 264 1099 concoquere
281 1051 499 1102 dignantur.
513 1055 538 1074 “

120 1114 292 1153 Raetico]
340 1111 440 1148 Plin.
462 1115 520 1156 14,
549 1111 581 1154 6,
611 1113 684 1156 (8.)
714 1113 792 1154 „In
814 1111 1026 1151 Veronensi
1055 1111 1147 1147 item
1181 1117 1340 1149 Raetica
1367 1116 1442 1162 (vi-

26 1168 107 1215 na),
125 1167 293 1204 Falernis
315 1179 462 1205 tantum
481 1169 698 1217 posthabita
717 1185 737 1207 a
754 1168 935 1218 Virgilio.
950 1172 974 1190 “
1000 1171 1170 1215 (Locum
1194 1171 1289 1207 dicit
1302 1173 1443 1221 Georg-

26 1238 63 1271 2,
81 1227 138 1276 96.
165 1252 190 1270 „
206 1238 243 1262 et
262 1239 338 1275 quo
359 1237 394 1262 te
414 1227 579 1262 carmine
600 1227 744 1267 dicam,
779 1227 964 1263 Raetica?
1001 1241 1069 1264 nec
1101 1227 1204 1264 cellis
1231 1229 1318 1264 ideo
1352 1243 1444 1265 con-

24 1285 137 1322 tende
155 1284 392 1329 Falernis.“)
445 1285 502 1319 Id.
524 1296 649 1320 tamen
667 1285 751 1320 eod.
773 1298 851 1333 cap.
877 1311 900 1327 „
914 1285 1041 1321 Divus
1063 1286 1251 1335 Augustus
1267 1286 1445 1322 Setinum

24 1341 207 1392 praetulit
232 1342 435 1384 cunctis‚·‘
477 1342 581 1389 quod
614 1356 756 1378 nomen
782 1342 918 1378 habuit
944 1342 989 1378 ab
1023 1343 1168 1392 oppido
1195 1343 1296 1379 Setia
1324 1357 1445 1394 prope

27 1401 285 1436 Tarracinam.
331 1398 438 1434 Idem
462 1410 588 1434 narrat
612 1399 665 1435 ib.
696 1424 720 1443 ‚,
736 1399 834 1435 Divi
851 1399 1014 1447 Augusti
1035 1400 1282 1445 vjudiciorum
1311 1414 1353 1437 ac
1382 1415 1446 1450 pa·

27 1456 99 1493 lati
115 1456 390 1506 peritissimum
412 1469 431 1491 e
448 1455 617 1497 libertis,
643 1469 836 1491 censuram
864 1456 950 1491 vini
980 1457 1023 1490 in
1052 1457 1179 1505 epulas
1203 1458 1284 1504 ejus
1306 1458 1446 1494 facien-

30 1524 131 1557 tem,
159 1513 299 1548 dixisse
318 1513 467 1560 hospiti
486 1514 530 1549 de
547 1513 725 1563 indigena
745 1513 861 1555 vino,
896 1526 1046 1549 novum
1082 1515 1239 1562 quidem
1268 1515 1346 1551 sibi
1375 1530 1446 1565 gu·

29 1580 132 1608 stum
155 1582 232 1606 esse
249 1582 333 1605 eum
347 1597 357 1614 ‚
385 1582 494 1619 atque
515 1584 593 1606 uon
613 1585 658 1605 ex
677 1568 899 1611 nobilibus,
939 1571 1002 1605 sed
1023 1571 1218 1607 Caesarem
1239 1585 1320 1607 non
1338 1572 1444 1608 aliud

28 1637 236 1678 potarum,
253 1630 279 1647 “
319 1628 423 1675 quod
450 1638 485 1663 et
508 1628 635 1676 ipsum
669 1628 854 1671 ostendit,
888 1629 1104 1677 Augustum
1129 1628 1172 1663 in
1200 1630 1444 1678 exquirendis

28 1684 324 1736 pretiosioribus
340 1685 442 1720 vinis
465 1685 565 1720 haud
584 1685 701 1720 nimis
722 1685 836 1721 fuisse
854 1684 1074 1721 delicatum·
1130 1687 1334 1723 Suetonius
1359 1688 1398 1723 h.
1416 1687 1444 1722 l.

28 1753 179 1780 secutus
195 1742 350 1778 videtur
369 1742 606 1792 Virgilium,
639 1743 837 1778 Raeticum
857 1741 908 1778 ob
924 1743 1089 1790 Augusti
1106 1742 1275 1791 palatum
1290 1744 1446 1781 laudan-

26 1809 131 1845 tem,
162 1812 240 1849 quo
253 1800 298 1835 'et
314 1800 510 1835 insecutos
532 1801 722 1848 principes
744 1813 853 1844 usos,
879 1803 974 1836 Plin.
993 1800 1019 1836 l.
1040 1814 1070 1836 c.
1092 1810 1260 1837 testatur.

122 1861 331 1905 acidumve]
392 1858 611 1893 praeferunt
641 1858 815 1895 Oudend·
843 1869 879 1893 et
910 1857 1031 1894 Wolf.
1073 1862 1280 1901 aridumve,
1321 1871 1444 1908 quum

29 1912 135 1953 arida
157 1917 268 1952 etiam
289 1928 403 1965 poma
429 1915 523 1950 etin
551 1912 718 1951 hiemem
746 1915 899 1952 condita
927 1928 1038 1951 succo
1064 1927 1143 1950 non
1168 1927 1324 1952 careant.
1373 1918 1447 1953 Sed

31 1973 173 2010 retineo
191 1977 350 2009 acidum.
399 1977 541 2008 Recens
569 1972 712 2009 dicitur
740 1973 784 2008 de
813 1983 983 2021 tempore
1012 1971 1265 2016 maturitatis,
1298 1978 1447 2011 acidum

33 2030 81 2067 de
108 2044 243 2081 genere
265 2031 394 2081 pomh
428 2031 625 2079 genitivus
651 2035 750 2067 succi
776 2034 966 2067 vz'nosioris
990 2040 1044 2066 est
1071 2029 1326 2078 ἐπεξηγητικός
1350 2042 1444 2081 proc

32 2100 79 2125 ut
100 2089 205 2138 quod
226 2102 430 2138 utrumque
448 2089 557 2138 pomi
574 2102 691 2137 genus
712 2089 814 2125 succi
831 2099 885 2124 est
902 2087 1125 2133 vinosioris.

124 2142 288 2192 retectis]
331 2148 358 2183 i.
383 2162 411 2183 e.
435 2147 572 2196 apertis
598 2160 626 2183 s.
655 2145 818 2195 stragula
847 2158 927 2181 non
952 2145 1081 2184 tectis.
1109 2157 1182 2193 qua
1213 2144 1305 2182 alias
1332 2147 1449 2183 meri«

34 2202 179 2241 (flantes
208 2206 267 2240 uti
298 2203 489 2248 solebant,
524 2218 645 2253 neque
676 2215 800 2240 tamen
829 2202 974 2243 exutis;
1013 2202 1216 2238 accubabat
1245 2204 1373 2248 enim,
1404 2215 1450 2240 ut

32 2264 193 2300 Vestitus
223 2281 251 2297 ι
255 2271 311 2297 ἰ
309 2267 339 2297 ³4<
345 2273 470 2309 nmque
504 2273 592 2298 e1·.at
640 2265 697 2297 Ita
723 2262 1018 2310 interpretantur
1050 2260 1227 2297 Oudend.
1258 2271 1294 2296 et
1321 2261 1447 2299 Wolf.

34 2320 137 2362 Alii,
166 2331 209 2356 ut
228 2322 384 2357 Casatb
404 2331 438 2355 et
458 2321 549 2355 Em
562 2345 572 2363 ,
605 2319 881 2369 praepositioni
906 2333 945 2354 re
973 2319 1058 2355 vim
1087 2318 1264 2354 tribuunt
1292 2319 1449 2355 ἐπιτατι-

33 2377 122 2424 κῆν,
154 2390 197 2414 ut
214 2383 359 2415 retectis
379 2379 427 2414 sit
451 2380 557 2421 hene,
585 2380 782 2427 diligenter
806 2381 932 2420 tectis,
957 2387 1084 2413 contra
1104 2376 1315 2412 solemnem
1336 2376 1449 2413 verbi

35 2447 171 2480 usum,
200 2450 314 2485 quem
334 2437 426 2472 adeo
449 2435 595 2485 negligi
615 2450 694 2472 non
711 2437 880 2486 potuisse
903 2449 923 2470 a
950 2434 1154 2483 scriptore,
1184 2434 1294 2470 docta
1321 2435 1449 2483 dispu-

38 2492 182 2535 tatione
201 2494 344 2531 evincit
361 2495 553 2531 Bremius.
600 2493 681 2530 Alii
708 2495 833 2544 legere
853 2492 916 2531 vel
943 2505 1086 2529 suasere
1113 2496 1242 2534 rectis,
1265 2502 1447 2535 retractas,

38 2555 200 2595 rejectis,
234 2565 330 2600 quos
362 2553 490 2589 ridens
521 2552 689 2589 VVolfius
714 2553 844 2599 jocose
874 2550 999 2588 addit:
1033 2554 1191 2586 resectis.
1239 2550 1362 2586 Modo
1392 2563 1450 2586 re-

39 2608 132 2643 secti
160 2609 318 2646 fuissent
335 2611 501 2660 Augusti
524 2610 654 2660 pedes,
685 2609 905 2658 interpretes
934 2607 1041 2643 inani
1065 2607 1298 2653 conjiciendi
1319 2607 1451 2644 labore

39 2667 339 2713 supersedissent.
383 2668 514 2705 Nicol.
538 2667 692 2703 Heinsii
721 2666 1023 2702 emendationem
1041 2669 1244 2713 praet-estis
1270 2666 1452 2714 probavit

8 2730 14 2771 ἦ
42 2721 177 2758 Burm-
190 2747 202 2765 ,
224 2723 380 2773 reliquit
399 2736 525 2761 tamen
544 2725 724 2762 codicum
741 2724 967 2762 verecundia
988 2723 1181 2770 vulgatam
1199 2722 1419 2761 lectionem.

12 2775 13 2784 ¹
137 2783 228 2815 sein
244 2783 359 2819 lectio.
375 2785 578 2827 lucubrat-2}
618 2797 657 2819 v.
688 2782 846 2820 casaub.
873 2781 919 2817 ad
945 2781 981 2816 b.
998 2781 1046 2822 l..
1074 2781 1143 2829 qui
1174 2793 1326 2816 morem
1351 2790 1451 2819 vete-

8 2844 15 2897 Ξ.
46 2848 155 2880 rum,
186 2838 396 2876 meditandi
420 2852 456 2877 et
482 2840 673 2878 scribendi
697 2839 739 2877 in
766 2838 934 2884 lectulis,
971 2853 988 2876 e
1011 2844 1131 2879 Oroete?
1152 2839 1198 2878 de
1225 2839 1331 2881 Grato
1348 2849 1384 2886 5,
1414 2851 1450 2886 5·

10 2900 15 2928 ι
