1799 3251
0 2889 2 2923 1

0 2983 2 3019 l

534 146 1030 191 'ocrAv1usI
1393 143 1483 188 341

90 291 144 322 ac
164 270 475 327 remollitum‚
509 283 602 326 quo
622 270 800 328 minus,
836 272 889 316 ut
911 271 1188 329 destinarat,
1224 270 1274 316 in
1291 271 1490 316 transitu

88 345 285 405 Alpium
306 356 390 400 per
408 339 757 384 simulationem
783 341 1008 397 colloquii
1034 343 1224 400 propius
1254 342 1489 397 admissus,

84 416 134 459 in
173 408 502 472 praecipitium
533 410 830 470 propelleret.
912 408 1089 453 Oculos
1140 411 1297 455 habuit
1342 413 1490 454 claros

85 498 140 527 ac
187 480 384 536 nitidos,
448 478 610 537 quibus
648 480 787 522 etiam
821 478 1081 522 existimari
1118 481 1308 523 volebat
1340 481 1488 523 inesse

83 550 304 610 quiddam
337 547 485 592 divini
521 548 720 606 vigoris;
777 548 1121 605 gaudebatque,
1185 549 1223 591 si
1262 549 1365 606 quis
1398 548 1488 593 sibi

79 620 233 665 acrius
266 618 530 674 contuenti,
588 618 718 677 quasi
751 619 809 662 ad
843 617 1075 674 fulgorem
1106 617 1250 672 Solis⁷
1302 621 1486 662 vultum

81 688 418 734 summitteret:
476 687 555 731 sed
603 688 649 730 in
696 696 878 731 senecta
919 686 1103 729 sinistro
1158 686 1308 729 minus
1351 687 1482 730 vidit.

77 759 255 804 Dentes
284 770 444 814 rarOS,
479 765 524 800 et
547 757 768 815 exiguos,
801 765 847 800 et
872 756 1088 813 scabros,
1126 757 1347 814 capillum
1375 756 1487 798 leui-

80 838 153 873 ter
172 827 398 872 inflexum
422 835 464 869 et
486 827 764 884 sufflavum,
808 825 1057 884 supercilia
1091 827 1363 881 conjuncta,
1393 841 1487 867 me-

84 899 263 941 diocres
286 911 446 950 aures,
483 912 641 940 nasum
670 904 715 940 et
749 913 772 939 a
805 910 986 938 summo
1022 894 1405 955 eminentiorem,
1442 901 1487 936 et

81 968 138 1010 ab
163 966 257 1010 imo
293 965 642 1021 deductiorem‚
690 967 894 1008 colorem
930 964 1050 1006 inter
1085 964 1291 1019 aquilum
1328 962 1487 1006 candi-

79 1037 311 1093 dumque,
347 1042 569 1078 staturam
596 1035 811 1090 brevem,
848 1032 1006 1094 (quam
1034 1041 1190 1075 tamen
1212 1032 1358 1075 Julius
1384 1034 1485 1075 Ma-

81 1106 244 1149 rathus
291 1103 484 1147 libertus
528 1103 576 1146 in
608 1104 832 1147 memoria
864 1105 956 1160 ejus
997 1102 1201 1161 quinque
1234 1104 1402 1160 pedum
1442 1110 1487 1145 et

83 1173 322 1218 dodrantis
366 1173 503 1216 fuisse
545 1173 743 1228 traditz)
795 1175 873 1216 sed
923 1188 1036 1229 quae
1080 1172 1411 1215 commoditate
1442 1178 1486 1213 et

82 1243 314 1302 aequitate
351 1242 671 1285 membrorum
710 1243 1036 1295 occuleretur,
1092 1249 1144 1283 ut
1189 1241 1375 1283 nonnisi
1422 1255 1482 1282 ex

78 1311 430 1371 comparatione
471 1310 690 1353 adstantis
728 1311 919 1369 alicujus
953 1309 1238 1370 procerioris
1284 1311 1485 1366 intelligi

76 1390 250 1443 posset.
299 1376 413 1442 [80]
468 1379 680 1438 Corpore
710 1380 913 1423 traditur
947 1381 1214 1433 maculoso,
1269 1380 1485 1438 dispersis

76 1467 163 1511 per
188 1457 347 1509 pectus
372 1457 504 1507 atque
533 1449 687 1490 alvum
717 1449 933 1504 genitivis
953 1447 1100 1503 notis,
1149 1448 1196 1489 in
1220 1450 1412 1491 modum
1440 1456 1486 1491 et

80 1519 292 1563 ordinem
320 1533 373 1560 ac
393 1532 638 1559 numerum
666 1518 905 1560 stellarum
943 1515 1150 1559 coelestis
1180 1515 1354 1574 Ursae3
1405 1517 1484 1560 sed

81 1598 125 1632 et
147 1587 271 1631 callis
312 1586 610 1644 quibusdam,
663 1600 724 1628 ex
756 1585 997 1644 prurigine
1034 1589 1246 1644 corporis
1284 1587 1485 1630 assiduo-

172 1740 317 1784 Oculos]
367 1739 461 1774 Plin.
480 1750 535 1781 11,
561 1737 618 1773 32.
645 1735 738 1782 (54.)
789 1735 936 1779 „Divo
954 1738 1124 1785 Augusto
1153 1750 1341 1786 equorum
1369 1737 1487 1773 modo

76 1796 203 1847 glauci
225 1795 325 1830 fuere
345 1794 509 1840 (oculi),
534 1807 719 1843 supraque
737 1792 936 1829 hominem
956 1793 1154 1831 albicantis
1182 1794 1484 1843 magnitudini33

75 1866 191 1904 quam
227 1851 278 1887 ob
314 1864 464 1888 causam
496 1851 717 1900 diligentius
760 1851 918 1900 spectari
957 1864 1040 1895 eos,
1076 1851 1254 1887 iracunde
1288 1851 1484 1887 ferebat.“

75 1912 315 1950 AurelsVict.
334 1908 433 1957 Epit.
456 1923 486 1944 1.
519 1910 642 1952 „Fuit
659 1921 816 1957 corpore
834 1917 916 1943 toto
933 1908 1081 1958 pulcer,
1110 1909 1172 1944 sed
1199 1908 1322 1945 oculis
1349 1910 1482 1957 magis.

79 1971 256 2016 Quorum
290 1966 408 2002 aciem
437 1965 736 2002 clarissimorum
764 1965 933 2002 siderum
964 1966 1082 2002 modo
1110 1966 1285 2009 vibrans,
1319 1965 1484 2002 libenter

74 2025 281 2075 accipiebat
297 2023 378 2059 cedi
396 2023 442 2058 ab
466 2022 750 2060 intendentibus
768 2032 948 2070 tanquam
967 2023 1057 2060 solis
1078 2024 1193 2059 radiis
1224 2033 1374 2071 aspectu
1399 2036 1483 2062 suo.

74 2087 111 2122 :A
133 2084 241 2130 cujus
264 2081 358 2117 facie
375 2094 494 2128 quum
517 2081 674 2130 quidam
692 2079 802 2115 miles
824 2079 956 2116 oculos
983 2092 1183 2124 averteret,
1212 2091 1248 2116 et
1276 2081 1483 2130 interroga-

76 2153 182 2179 retur
202 2139 248 2175 ab
271 2151 337 2181 eo,
372 2151 440 2174 cur
469 2139 522 2173 ita
554 2138 706 2182 faceret,
741 2137 958 2186 respondit.-
994 2139 1084 2186 quia
1110 2137 1254 2174 fulmen
1282 2138 1485 2176 oculorum

75 2211 235 2238 tuorum
254 2197 349 2232 ferre
368 2207 446 2230 non
463 2199 668 2243 possum.“

169 2258 213 2291 iri·
236 2257 404 2289 memoria
435 2256 527 2301 ejus]
581 2253 669 2289 Non
686 2251 862 2288 dubitavi
881 2252 934 2288 ita
953 2252 1130 2293 scribere.
1157 2253 1184 2288 i.
1207 2266 1237 2290 e.
1259 2254 1301 2291 in
1318 2253 1419 2289 libro
1440 2253 1485 2290 de

78 2315 251 2362 Augusto
283 2310 518 2357 conscripto,
546 2322 615 2358 pro
643 2309 751 2359 vulg.
780 2315 819 2346 in
844 2314 1054 2345 memoriam
1082 2316 1168 2357 ejus.
1217 2312 1278 2347 Sic
1297 2311 1428 2348 Claud.
1454 2326 1484 2348 1.

76 2371 214 2417 „vitae
241 2367 467 2404 memoriam
499 2380 608 2415 prosa
637 2368 810 2404 oratione
839 2366 1064 2416 composuit.
1078 2371 1103 2388 “
1167 2370 1271 2417 Lips.
1299 2369 1485 2415 conjecit=

78 2431 228 2466 libertus
254 2437 289 2462 et
306 2439 329 2459 α
350 2429 520 2459 memoria
541 2430 633 2471 ejus,
659 2438 773 2473 quam
791 2425 1090 2461 emendationem
1115 2427 1355 2462 commendat
1377 2425 1486 2462 Wol-

81 2485 164 2523 fius.
215 2482 389 2521 Oudend.
410 2480 547 2530 probat
573 2494 707 2530 parum
737 2481 975 2530 probabilem
1007 2484 1262 2528 conjecturam
1285 2483 1488 2532 Canuegie-

77 2543 172 2581 ¹teri:
200 2544 266 2577 sed
280 2545 362 2586 jam
378 2543 561 2576 immemor
583 2545 670 2586 ejus·
729 2539 878 2577 Scilicet
897 2551 1026 2590 putat,
1060 2540 1147 2576 falsa
1167 2541 1211 2576 de
1233 2542 1391 2589 Augusti
1418 2553 1488 2577 sta·

80 2610 164 2636 tura
194 2597 384 2647 scripsisse
406 2597 623 2632 Marathum
641 2624 650 2642 ‚
679 2608 764 2646 post
782 2608 946 2636 mortem
965 2598 1046 2642 ejus
1065 2599 1349 2635 immemorem.
1399 2601 1486 2635 Bre-

81 2655 144 2693 vin
161 2655 368 2691 memoriae
386 2654 506 2690 homo
530 2654 644 2690 fuerit
661 2668 806 2691 necesse
822 2667 887 2692 est.

178 2714 370 2760 maculoso]
421 2714 568 2748 Mu'ller.
592 2713 634 2747 in
655 2711 779 2751 sched.
803 2713 1068 2762 interpretatur
1096 2715 1250 2761 leproso,
1277 2713 1378 2760 quod
1407 2727 1489 2748 ma-

87 2772 170 2806 cula
203 2769 247 2804 de
277 2769 377 2816 lepra
405 2770 547 2806 dicitur
571 2781 608 2805 et
637 2769 892 2818 elephantiasi.
939 2770 1010 2806 Sed
1037 2771 1079 2807 id
1104 2784 1308 2820 repugnare
1334 2771 1487 2808 videtur

79 2840 193 2881 sequ.
217 2830 386 2878 dispersis
402 2842 449 2857 -t
460 2831 637 2880 genitivis
658 2831 764 2865 notz's·
