1799 3251
257 154 467 198 540⁷
667 166 707 195 e.
786 161 1253 194 snn‘rowir

257 268 639 323 convinceretur:
684 291 744 320 ex
773 278 1043 334 gerulorum
1067 276 1244 321 diurnis
1267 276 1528 336 quaestibus
1546 292 1655 336 pars

257 358 449 405 octava,
496 363 557 391 ex
592 346 798 405 capturis
834 346 1216 405 prostitutarum,
1263 357 1486 405 quantum
1520 354 1656 403 quae*

257 432 345 473 que
378 432 471 460 uno
507 415 756 459 concubitu
786 424 998 459 mereret.
1067 415 1389 475 Additumque
1426 415 1482 460 ad
1514 422 1655 474 caput

253 485 397 543 legis,
444 493 495 529 ut
529 494 799 529 tenerentur
833 485 1052 544 publico,
1092 493 1137 528 et
1176 500 1293 544 quae
1320 483 1656 540 meretricium,

256 554 403 611 etqui
436 554 725 598 lenocinium
754 555 992 612 fecissent3
1028 570 1116 598 nec
1149 570 1243 597 non
1278 562 1322 598 et
1360 554 1654 598 matrimonia

256 624 463 667 obnoxia
485 632 647 668 essent.
690 617 803 688 [41]
836 623 1077 680 Ejusmodi
1106 623 1410 681 vectigalibus
1451 622 1653 679 indictis,

253 708 409 750 neque
441 692 717 752 propositis,
762 708 902 750 quum
931 709 1017 752 per
1050 693 1363 750 ignorantiam
1399 691 1656 752 scripturae

250 763 401 805 muna
441 763 683 806 commissa
715 762 907 819 fierent,
965 763 1153 806 tandem
1192 762 1429 819 flagitante
1474 760 1654 820 populo

251 832 501 890 proposuit
527 833 714 890 quidem
747 831 921 888 legem,
958 832 1037 875 sed
1062 840 1104 875 et
1139 831 1456 875 minutissimis
1489 829 1681 890 literis,

251 909 298 943 et
327 902 647 959 angustissimo
680 902 815 958 loco,
862 900 933 944 uti
968 916 1026 945 ne
1063 901 1140 944 cui
1176 901 1435 944 describere
1463 900 1654 943 ‘liceret-

246 1041 413 1090 gandum
442 1052 530 1078 erat.
586 1040 739 1089 Saepius
759 1039 862 1075 haud
886 1041 982 1076 tanti
1010 1051 1088 1077 erat
1107 1041 1327 1090 negotium,
1358 1051 1402 1078 ut
1428 1050 1577 1076 tantum
1610 1050 1656 1074 ex

247 1097 350 1133 victa
381 1111 486 1134 causa
512 1097 678 1147 vectigal
704 1097 930 1134 solvendum
964 1099 1160 1143 ducerent,
1200 1100 1350 1148 itaque,
1388 1099 1539 1135 mittere
1572 1109 1653 1134 rem

245 1153 431 1203 litemque
455 1155 661 1205 deponere,
689 1155 804 1190 satius
823 1154 1020 1192 ducebant.

336 1215 562 1262 gerulorum]
612 1214 828 1259 bajulorum,
859 1227 1060 1261 gerommm
1092 1214 1138 1249 τὰ
1166 1214 1368 1261 ἀνδράποδα
1398 1213 1443 1250 τὰ
1475 1213 1654 1259 μισθοφο-

245 1275 374 1316 ροῦντα
397 1271 492 1306 dicit
515 1273 587 1306 Dio
606 1269 634 1305 l.
656 1283 687 1305 c.
708 1288 752 1298 -
799 1271 858 1306 De
881 1283 965 1306 voc.
985 1281 1139 1318 captura
1162 1285 1197 1306 v.
1223 1271 1379 1308 casaub.
1401 1271 1448 1306 ad
1467 1269 1506 1304 h.
1525 1268 1549 1304 l.

337 1337 379 1364 ut
404 1337 612 1364 tenerentur
636 1328 799 1375 publico]
832 1327 870 1362 h.
893 1340 924 1363 e.
953 1328 1116 1377 vectigal
1135 1329 1276 1364 aerario
1296 1328 1476 1376 pendere,
1506 1325 1652 1374 obliga7

242 1395 386 1420 rentur.
434 1388 528 1421 Pro:
556 1389 794 1431 additumque
823 1388 876 1419 ad
904 1396 1013 1432 caput
1039 1388 1131 1434 legis
1156 1386 1335 1421 Heinsius
1356 1384 1531 1422 volebat:
1559 1386 1649 1418 add.

243 1445 287 1476 id
301 1446 430 1488 capiti,
457 1443 561 1490 quod
581 1452 634 1477 est
651 1441 804 1476 alteram
825 1443 1146 1478 constructionem
1165 1442 1273 1478 alteri
1291 1442 1525 1482 substituere,
1553 1441 1649 1475 Gro-

241 1512 333 1534 nov.
355 1502 591 1548 additumque
616 1509 650 1534 et
670 1507 781 1545 caput
798 1499 908 1546 legis,
933 1500 1038 1547 quod
1055 1500 1280 1535 senteutiam
1302 1509 1445 1550 praeter
1464 1510 1545 1533 rem
1575 1497 1649 1531 im-

243 1567 380 1592 mutat.
430 1557 488 1592 Ad
505 1556 597 1605 legis
618 1555 663 1591 de
681 1555 931 1603 vectigalibus
950 1566 1059 1603 caput
1088 1555 1207 1600 illud,
1234 1570 1309 1606 quo
1339 1556 1384 1592 de
1412 1567 1507 1593 vect.
1537 1568 1581 1590 ex
1609 1568 1648 1590 re

242 1615 409 1653 Venerea
438 1614 692 1657 sanciebatur,
734 1614 908 1650 additum
948 1614 1062 1649 etiam
1101 1613 1158 1656 id,
1197 1625 1261 1658 ut,
1305 1627 1399 1662 quae
1433 1613 1649 1648 meretrices

240 1683 346 1708 antea
379 1673 537 1709 fuissent
560 1672 617 1716 (h.
640 1686 670 1707 e.
691 1676 932 1707 meretricium
947 1672 1163 1719 fecissent),
1198 1671 1260 1706 vel
1291 1673 1358 1719 qui
1386 1684 1431 1706 ex
1456 1669 1647 1706 lenocinio

239 1727 389 1764 lucrum
416 1741 715 1778 comparassent,
740 1730 782 1765 in
803 1729 974 1779 singulos
1003 1741 1120 1765 annos
1147 1729 1304 1764 exerciti
1330 1739 1502 1776 quaestus
1531 1725 1648 1762 vecti·

238 1787 303 1836 gal
320 1787 526 1823 redderent.
575 1789 715 1826 Veram
743 1788 839 1823 lianc
864 1786 1214 1835 interpretationem
1240 1799 1339 1830 esse,
1366 1785 1478 1821 docet
1498 1795 1646 1833 tempus

226 1848 406 1891 ,feetsarent
424 1847 519 1891 (non
526 1846 734 1891 fizcerenl).

331 1913 442 1938 matr.
462 1905 616 1940 obnoxia
636 1906 769 1951 essent]
801 1902 841 1939 h.
865 1916 895 1938 e.
913 1916 1074 1938 annuum
1093 1899 1259 1951 vectigal
1275 1900 1496 1950 penderent,
1524 1897 1646 1936 veluti

235 1972 308 2009 pro
329 1972 400 1996 usu
420 1963 553 1999 uxoris
577 1972 614 1998 et
631 1961 752 2005 dotis,
777 1974 890 2009 quam
910 1961 1050 1996 marito
1070 1960 1303 2003 attulissent,
1335 1970 1376 1995 ut
1402 1969 1498 1994 recte
1529 1957 1643 1993 inter-

236 2029 404 2066 pretatur
422 2021 565 2055 Ernest.
591 2038 637 2045 —
684 2020 817 2054 Burni.
848 2018 963 2054 semel
995 2028 1142 2053 tantum
1170 2018 1211 2052 in
1239 2016 1411 2065 conjugii
1437 2016 1574 2058 initio,
1609 2024 1646 2049 et

239 2075 285 2112 ab
308 2075 408 2118 illis,
435 2078 504 2125 qui
526 2077 697 2125 primum
720 2088 857 2111 uxores
879 2076 1078 2118 ducerent,
1108 2087 1280 2111 exactum
1299 2075 1397 2110 illud
1415 2074 1618 2109 existimat.

330 2138 467 2180 Ejusm.
487 2134 727 2184 vectigalibus
744 2152 790 2160 —-
807 2135 946 2181 liceret]
999 2133 1212 2181 Vectigalia
1229 2132 1296 2167 illa
1314 2135 1456 2168 indicta
1485 2130 1646 2179 quidem·

239 2203 343 2229 erant
361 2206 379 2227 a
403 2192 560 2227 Caesare
593 2201 629 2227 ct
657 2191 941 2239 magistratibus
972 2204 1038 2238 per
1066 2204 1201 2226 vocem
1232 2191 1451 2239 praeconis,
1477 2189 1539 2224 sed
1563 2200 1642 2223 non

236 2255 373 2298 scripto
393 2253 602 2297 proposita,
647 2259 690 2283 ut
719 2248 771 2282 ita
807 2248 916 2283 facile
946 2261 1074 2284 rerum
1103 2246 1354 2296 vectigalibus
1381 2247 1641 2283 obnoxiarum

236 2322 481 2357 summaeque
500 2306 721 2343 tribuendae
741 2305 1078 2349 obliviscerentur,
1106 2311 1288 2352 scriptura
1306 2305 1333 2340 i.
1354 2319 1384 2339 e.
1407 2305 1488 2353 lege
1504 2305 1642 2351 scripta

236 2381 317 2403 non
348 2366 505 2402 moniti.
568 2367 624 2400 Ita
656 2367 772 2400 mulla
802 2369 989 2399 commissa
1007 2366 1177 2409 fiebant,
1217 2362 1386 2398 multum
1417 2362 1641 2412 peccabatur

236 2437 366 2462 contra
385 2424 528 2473 legem,
555 2437 625 2470 per
647 2426 898 2471 ignorantiam
920 2426 1124 2469 scripturae
1149 2421 1177 2456 i.
1197 2434 1228 2455 e.
1254 2421 1341 2469 quia
1369 2420 1544 2469 scriptam
1573 2418 1639 2453 ali-

235 2497 351 2533 quam
371 2482 491 2530 legem
521 2493 601 2515 non
630 2490 826 2525 noverant.
873 2483 927 2515 Ita
955 2478 1279 2527 interpretandum
1305 2489 1399 2526 puto
1426 2478 1554 2514 locum
1588 2477 1637 2520 ei,

235 2541 305 2589 qui
325 2541 535 2590 genuinum
555 2551 643 2574 eum
660 2536 786 2573 habet.
847 2539 917 2573 Sed
942 2542 1148 2585 scripturae
1180 2537 1255 2572 fere
1285 2546 1379 2585 puto
1408 2549 1428 2571 e
1455 2544 1634 2582 corrupto

233 2598 457 2647 glossemate
478 2607 618 2634 ortum.
668 2595 820 2633 Scilicet
842 2609 927 2632 voc.
943 2599 1140 2643 propositis
1165 2594 1393 2643 explicuerat
1408 2592 1546 2641 aliquis
1575 2591 1638 2627 ad-

235 2655 343 2692 dito:
375 2659 582 2702 scriptura,
627 2654 690 2691 vel
724 2654 969 2690 substituerat
1002 2655 1115 2689 etiam
1149 2657 1316 2700 scriptis,
1359 2651 1474 2700 idque
1510 2650 1634 2687 alieno

233 2724 359 2761 postea
377 2713 462 2750 loco
487 2713 609 2748 textui
635 2713 834 2748 insertum.
883 2712 927 2746 Id
955 2712 1110 2759 quidem
1141 2722 1306 2754 certum,
1341 2709 1473 2745 duram
1505 2709 1636 2747 admo-

235 2770 327 2804 dum
351 2783 425 2805 esse
441 2770 550 2820 vulg.
577 2770 803 2814 lectionem,
830 2780 1020 2818 utcunque
1051 2769 1326 2818 interpreteris,
1357 2767 1636 2816 dicendumque

229 2827 362 2876 potius
378 2828 514 2871 fuisse,
539 2839 582 2866 ut
601 2828 779 2869 Oudend.
800 2839 951 2874 monet,
972 2842 1040 2876 per
1063 2832 1305 2879 indzgentiam
1322 2830 1537 2876 scripturae-
1585 2825 1639 2862 Ut
